4472 5472
759 591 762 596 .
827 500 1085 606 ChP'VT
1131 485 1262 618 Xlllll.
1528 583 1530 590 .
1750 495 1883 610 m,
2043 546 2048 554 '

248 721 325 790 quas
346 703 476 788 peraeto
498 697 595 781 opere
622 692 734 762 diurno
763 701 1032 781 repraesentarent
1064 694 1205 760 instituto
1239 692 1307 760 sub
1293 714 1414 778 Jecere,
1460 693 1575 760 deinde
1606 697 1677 784 quia
1710 697 1768 763 ad
1783 699 1845 766 ιιι-
1994 657 2001 671 .

249 802 427 892 praefecto,
461 796 556 866 velat
588 795 708 863 indices
745 796 867 863 locatae
905 818 1030 883 operae,
1066 796 1179 864 manda
1205 795 1284 862 haec
1310 797 1399 880 sigua
1423 795 1496 882 plus
1525 798 1683 884 dignitatis
1715 771 1846 868 attulere

250 917 282 972 et
309 913 457 992 quantum
486 897 665 986 rependi'
645 921 684 965 ns
711 905 864 988 oporteat
913 900 1017 966 Ex'
991 922 1032 964 sr-
1064 899 1179 966 incarnis
1216 898 1391 978 numinum,
1434 899 1646 987 principumve
1683 904 1846 990 capitibus,

250 1005 316 1072 mili
350 1025 443 1074 causa
472 1011 582 1070 nostro
615 1022 740 1089 quoque
773 1023 851 1070 aevo
878 1004 911 1066 ιιι
938 1002 1031 1070 varis
1065 1000 1174 1068 aliisve
1195 1000 1304 1085 sigillis
1328 999 1445 1068 affabra
1472 1004 1657 1084 elaboratis,
1688 1027 1757 1077 cum
1770 1007 1846 1071 ·-Ro
1886 995 1889 1003 ’

250 1108 411 1174 homiuum
461 1103 662 1172 societatibus
712 1104 831 1192 porrigi
880 1113 1225 1184 tesseras,1nanorum
1258 1103 1347 1188 signa
1377 1103 1558 1192 plerumque
1595 1109 1713 1172 ιιιιιιιιι
1745 1089 1845 1174 literis
1894 1110 1904 1118 ’

173 1265 178 1272 .
252 1233 329 1298 quas
367 1207 451 1277 Galli
486 1207 623 1286 weram
659 1205 833 1293 appellant,
877 1215 908 1272 ct
950 1217 1031 1292 quae
1065 1225 1207 1288 earumve
1228 1205 1361 1272 nexibus
1384 1215 1576 1286 constarent,
1598 1217 1633 1279 nt
1655 1207 1804 1274 dictum.

250 1313 301 1380 vel
330 1333 441 1406 cupro,
479 1309 531 1378 vel
560 1293 705 1397 plumbo,
745 1309 795 1376 vel
822 1308 941 1388 charta,
978 1307 1035 1373 vel
1151 1308 1308 1374 Successit
1334 1307 1535 1392 Pellerinius,
1569 1307 1622 1396 qui
1650 1310 1732 1377 binis
1762 1309 1843 1376 loeis
1960 1363 1963 1370 .
2080 1293 2083 1306 ’

153 1457 158 1468 ·
251 1435 436 1502 quecunque
453 1411 516 1480 alia
538 1412 664 1480 materia
686 1419 840 1478 constant.
886 1408 1031 1478 Eundem
1065 1423 1151 1476 snam
1180 1410 1220 1475 de
1246 1409 1295 1474 his
1323 1413 1505 1478 sententiam
1528 1409 1725 1499 exposuit').
1768 1411 1844 1498 Exi-

248 1517 298 1584 bis
312 1515 425 1583 “amnis
452 1538 540 1582 usum
568 1516 595 1582 si
623 1512 781 1593 dabimus,
815 1513 904 1578 facile
931 1502 1030 1599 expli·
1065 1513 1183 1608 stimat,
1211 1505 1349 1580 eiuiates'
1377 1517 1522 1580 Graecas.
1543 1515 1643 1580 numia
1670 1524 1845 1582 exterarum

249 1628 349 1686 cattam
376 1619 413 1684 iri
435 1641 559 1686 eausam
581 1617 714 1686 duorum
736 1614 787 1682 vel
808 1616 901 1682 trium
922 1616 955 1682 in
977 1633 1030 1682 eo·
1052 1615 1223 1692 civitatum
1259 1637 1321 1703 ope
1358 1616 1535 1683 commercii
1571 1615 1612 1680 ad
1648 1639 1684 1682 se
1714 1617 1843 1697 delatis,

248 1720 317 1787 dem
339 1741 435 1790 numo
458 1721 617 1806 signorum
629 1720 828 1784 incusatum.
854 1717 934 1782 ¹Etsi
949 1715 1031 1782 euim
1066 1737 1135 1782 oum
1156 1716 1241 1784 istud
1270 1740 1351 1783 ere
1376 1720 1478 1786 visum
1505 1718 1576 1798 fuit,
1605 1707 1765 1785 arbitraria
1777 1720 1844 1784 im·
1958 1725 1962 1732 ‘

248 1839 358 1893 nruuus
385 1843 451 1888 uno
473 1824 541 1906 jam
568 1821 659 1905 signo
682 1827 809 1886 notatas
830 1815 902 1898 suit,
924 1817 1032 1936 potuit
1065 1819 1217 1906 pressisse
1238 1821 1340 1905 signa,
1368 1821 1480 1908 quibus
1502 1819 1705 1902 indicaretur,
1737 1833 1845 1888 eorum

194 1965 199 1974 ι
234 1909 325 1990 'addi
357 1923 502 2002 alterum,
548 1922 623 2010 quiri
656 1931 687 1988 et
718 1920 931 2004 tertium‚J
904 1923 1031 2006 ejusque
1065 1943 1156 1988 usum
1184 1922 1282 1988 instar
1315 1932 1457 1989 monetae
1492 1923 1681 1988 domesticae
1716 1923 1843 2008 permis·

249 2026 282 2090 in
306 2046 400 2089 causa
420 2024 538 2123 intenta
558 2033 683 2090 tantum
699 2021 807 2102 haberi
832 2021 923 2088 ratio.
967 2023 1031 2090 Ex·
1065 2046 1142 2091 sum.
1188 2021 1335 2107 Causam,
1357 2046 1410 2090 cur
1431 2023 1514 2092 islud
1537 2026 1721 2111 conjiceret,
1743 2023 1842 2102 dedit,
1925 2065 1931 2074 x

249 2127 361 2216 plicari
387 2128 477 2207 item,
507 2147 561 2193 cur
589 2127 725 2193 Romani
750 2135 894 2192 monetae
921 2143 1032 2192 aureae
1065 2127 1137 2214 qnia
1173 2147 1282 2194 revera
1317 2126 1467 2194 habemus
1503 2121 1662 2216 enempla,
1702 2128 1843 2194 Graecos

250 2240 282 2297 et
302 2235 472 2316 argenteae
485 2229 690 2316 pepercerint.
729 2228 792 2294 Gur
805 2228 889 2293 enim
903 2247 1031 2293 necesse
1064 2251 1130 2296 uon
1151 2249 1275 2345 semper
1299 2239 1444 2297 monetae
1464 2253 1553 2313 suae,
1582 2231 1640 2298 sed
1667 2239 1697 2296 et
1724 2227 1843 2296 alienae

249 2331 359 2400 luisset
381 2330 548 2398 deformari
569 2339 725 2399 monetam
748 2330 879 2418 pretiosi
902 2329 1029 2410 metalli,
1065 2333 1099 2399 id
1126 2353 1223 2432 genus
1249 2332 1339 2416 sigua
1364 2332 1470 2404 intulis
1457 2356 1519 2429 ⁰,oe
1580 2333 1706 2400 Praeter
1731 2349 1850 2426 numos¹

249 2457 316 2502 aum
339 2443 464 2501 moneta
486 2434 614 2504 vilioris
629 2433 762 2502 eundem
784 2433 921 2521 potnerit
942 2453 1032 2498 usum
1064 2435 1185 2515 varios,
1229 2455 1310 2522 quos
1347 2433 1387 2500 ad
1422 2435 1505 2502 hano
1526 2458 1663 2504 causam
1695 2431 1850 2521 advocat,

165 2526 172 2531 ’
247 2521 424 2624 ριιιιιιιιι
972 2575 1000 2608 ,-
1065 2536 1122 2604 sed
1143 2558 1211 2603 nou
1231 2535 1306 2602 satis
1328 2535 1496 2620 idoneos,.·
1507 2538 1636 2606 exhibet
1663 2561 1757 2606 unum
1779 2535 1842 2604 He·

289 2640 385 2706 Eu
415 2639 576 2728 utriusque
607 2639 697 2728 llviri
726 2637 810 2706 Galli
843 2637 924 2704 de
914 2635 1030 2705 urcusis
1064 2639 1185 2707 racleae
1207 2639 1377 2724 cujuspiam
1398 2639 1556 2721 incertae,
1578 2641 1611 2716 in
1633 2645 1719 2726 errjus
1742 2640 1844 2709 natica

249 2749 392 2806 monetae
421 2741 583 2808 Romanae
600 2743 706 2828 -sign'n
729 2741 863 2825 judicia,
898 2761 1030 2828 quorum
1065 2741 1159 2830 capiti
1194 2737 1362 2809 Commodi
1395 2742 1602 2829 insculptum
1618 2752 1666 2806 est
1705 2744 1844 2824 uffa,
1932 2803 1942 2820 ,

250 2839 382 2906 altarum
407 2825 582 2932 Mahudelii
608 2843 757 2930 infirmius
787 2853 849 2924 est,
879 2864 970 2929 quam
996 2851 1031 2912 ut
1064 2857 1139 2930 ergo
1173 2866 1191 2909 a
1213 2842 1380 2918 Sardianis
1413 2854 1557 2908 monetae
1589 2852 1726 2908 exterae
1745 2842 1843 2908 inser·
1884 2872 1894 2880 ·

249 2940 420 3030 adprobari
451 2963 549 3029 posse
578 2923 736 3025 videatur,
779 2945 908 3010 alterum
937 2947 1029 3014 Bozii
1063 2955 1142 3026 turn,
1170 2953 1216 3025 et,
1244 2942 1331 3030 quod
1358 2945 1509 3032 sequitur,
1537 2965 1616 3023 non,
1645 2946 1766 3034 atejus
1789 2963 1853 3010 aa·¹

247 3043 443 3132 probabilius
467 3055 571 3128 'certe,
598 3055 629 3111 et
656 3046 708 3114 aui
733 3069 891 3114 accessere
919 3048 1028 3118 Flore·
1063 3049 1162 3124 loram
1185 3055 1348 3134 augerent,
1380 3045 1438 3113 sed
1466 3053 1500 3113 nt
1528 3045 1575 3126 illi
1600 3044 1738 3113 valorem
1755 3044 1842 3112 intra

246 3147 375 3235 aius‘),
419 3149 559 3238 variique
592 3147 660 3230 alii,
690 3153 775 3236 'ejus
807 3159 911 3218 ιιιιιιι
943 3161 1029 3220 natu·
1063 3152 1141 3220 lines
1163 3171 1238 3216 snos
1259 3150 1461 3239 impertirent
1650 3153 1653 3160 '

191 3289 195 3294 -
244 3272 311 3331 rae,
339 3254 466 3355 atejus
493 3252 634 3320 meritum
662 3253 744 3322 iutra
772 3257 971 3339 conjecturae
992 3255 1029 3348 li·
1145 3254 1275 3320 Praesto
1309 3262 1381 3320 sunt
1412 3251 1570 3340 exempla,
1610 3271 1708 3340 eaque
1743 3245 1843 3318 niulto

247 3351 337 3418 mites
364 3347 575 3446 contineatur,
605 3367 716 3424 nostm
742 3379 818 3426 vero
846 3361 977 3424 aetate
962 3379 1029 3442 Jam
1062 3355 1275 3440 evidentiora,
1319 3357 1479 3442 signorum
1515 3363 1658 3422 monetae
1693 3363 1850 3450 externas·

247 3452 349 3520 minus
374 3453 511 3524 validum
537 3457 579 3522 sit
602 3449 783 3546 propterea,
822 3461 894 3547 quia
925 3462 1029 3528 omnia
1062 3458 1292 3546 impressorum.
1349 3459 1489 3526 Iudicavi
1525 3459 1601 3524 olim
1634 3481 1745 3525 numos
1777 3471 1842 3526 tres
1863 3481 1895 3542 '.

246 3545 446 3640 argumenta,
491 3577 569 3642 quae
594 3560 775 3630 abinensis
802 3558 886 3650 apud
913 3563 1027 3640 Roma·
1061 3582 1102 3628 cx
1144 3562 1311 3631 illustrium
1351 3561 1648 3656 tetradrachmarum
1691 3583 1841 3642 numero,

245 3663 307 3723 nos
329 3656 408 3722 solis
431 3658 537 3726 aeneis
557 3658 655 3740 ducit,
682 3674 790 3777 suapte
818 3661 1026 3748 collabuntur,
1062 3683 1143 3750 ques
1163 3663 1341 3754 frequentes
1364 3666 1525 3782 signavere
1547 3664 1670 3732 Sidetas
1686 3659 1842 3780 Pamphy

244 3761 378 3850 repertis
409 3781 477 3827 uon
506 3761 614 3849 paucis
647 3763 763 3832 inaneis
794 3769 961 3850 argenteis,
993 3777 1027 3878 ut
1060 3765 1130 3836 liae.
1175 3769 1293 3838 Omnes
1321 3770 1420 3834 tres'
1411 3790 1445 3835 ιιι
1470 3776 1558 3852 Ριιιι
1577 3765 1709 3829 antica
1699 3785 1841 3864 incusum

245 3863 369 3931 dictum
854 3904 857 3914 ·
899 3877 906 3886 “
1055 3869 1179 3940 habent
1214 3889 1317 3936 arcum
1359 3880 1391 3936 et
1431 3869 1621 3956 pharetram,
1663 3845 1815 3932 addito'
1804 3886 1840 3932 ru

330 3965 429 4046 0¹1⁰&
463 3965 505 4032 dd
538 3987 629 4053 signa
660 3968 853 4038 Graecorum
882 3977 1027 4040 monetae
1059 3969 1171 4040 hor'um
1193 3995 1256 4040 uno
1279 3973 1463 4046 IIEPFA,
1491 3971 1523 4036 ia
1545 3967 1644 4035 altera
1666 3967 1816 4046 ΣΛΡ,“
1806 3987 1840 4034 nr
1947 4009 1958 4018 -

229 4065 352 4134 ‘incrrsa
373 4070 496 4148 attinet,
524 4091 591 4136 noa
611 4079 705 4156 negat
726 4069 858 4151 Boaius,
886 4074 1027 4159 potuisse
1064 4077 1156 4144 tertio
1193 4077 1253 4142 Tr
1251 4077 1310 4153 A„
1354 4095 1433 4160 quae
1468 4083 1542 4140 runt
1576 4069 1678 4138 accisa
1712 4071 1840 4138 nomina

245 4167 284 4234 iia
312 4169 439 4248 indicari
466 4182 586 4238 auctum
613 4174 698 4248 numi
719 4172 872 4253 νιιοιιιι,
906 4197 943 4240 ac
963 4179 1025 4263 pri·
1063 4177 1221 4264 Pergami,
1247 4163 1424 4257 Sardium,
1475 4184 1506 4241 et
1547 4171 1715 4252 Trallium,
1760 4195 1840 4260 quae

149 4323 156 4342 .
245 4291 330 4337 mum
359 4272 481 4358 quidem
507 4284 689 4362 propterea,
727 4277 800 4364 quia
825 4297 891 4344 non
917 4301 1025 4346 mone·
1059 4277 1146 4344 fuere
1167 4279 1260 4345 urbes
1281 4277 1460 4371 provinciae
1481 4277 1585 4351 Asiae.
1623 4275 1705 4342 Vide
1727 4297 1838 4342 numos

245 4381 307 4440 tam
328 4371 426 4440 modo
448 4391 589 4460 aeneam,
619 4377 677 4444 sed
703 4387 735 4444 et
755 4391 930 4464 argenteam
952 4381 1067 4447 huic
1057 4403 1146 4469 ipsos
1168 4381 1201 4447 in
1223 4394 1292 4447 mea
1313 4379 1447 4464 SJlloge
1467 4379 1521 4467 l.)
1566 4379 1793 4464 conjeceram
1794 4379 1860 4446 ibi-

1433 4533 1833 4546 ..W—*w

1723 4555 1727 4562 ι

299 4591 419 4678 )Med.
437 4596 470 4648 de
485 4595 552 4682 ¹Esp.
570 4595 601 4650 T.
619 4598 637 4650 l.
655 4617 679 4668 p.
699 4601 741 4652 83.
812 4597 843 4664 Ιι)
860 4600 924 4668 blel-
942 4601 963 4652 l·
981 4619 1006 4670 p.
1027 4592 1083 4654 140.
1101 4600 1192 4672 Sappl.
1210 4601 1240 4653 ll.
1258 4621 1283 4671 p.
1302 4598 1343 4652 61.
1361 4619 1414 4669 req.
1482 4596 1505 4663 ι)
1523 4591 1641 4667 papali·
1706 4617 1727 4633 'r
