4448 5476
881 483 916 554 ιι
941 487 957 554 ι
984 485 1009 556 s
1035 481 1065 553 Ρ
1091 479 1120 554 A
1148 445 1183 554 N
1209 483 1294 557 ιι.

768 679 812 751 V
807 678 867 752 ῙΙ
912 679 975 752 De
985 676 1145 778 fabrica
1170 679 1205 753 ιι
1217 681 1367 796 formo.
1445 735 1466 792 .'

355 835 499 929 Fabrice,
523 853 557 913 ιιι
577 847 610 912 in
629 846 768 932 regione,
791 853 871 937 quae
885 839 961 910 olim
976 845 1052 911 Gra·
1087 845 1121 908 in
1164 853 1284 933 turpem
1322 841 1495 912 barbariem
1534 843 1773 934 degeneravere.
1830 799 1868 928 ln

274 950 326 1016 tiis
359 958 391 1016 et
420 947 593 1032 elegantiae
618 967 774 1034 nunquam
795 946 909 1026 litavit,
938 946 1053 1031 Hispa·
1087 946 1208 1030 multis,
1253 946 1419 1034 praecipue
1447 943 1675 1016 vetustioribus
1711 951 1867 1037 Raeticae,
1950 955 1953 962 '

271 1051 412 1116 nicoeam
438 1059 601 1136 monetam
636 1069 793 1135 nunquam
825 1047 1055 1116 cohonestavit.
1084 1069 1196 1136 mopue
1219 1047 1343 1113 videas·
1369 1047 1551 1128 humanitati
1593 1073 1722 1139 prorsus
1756 1057 1884 1123 inimi·

271 1150 335 1218 Ars
370 1153 405 1216 ιι
440 1148 541 1216 numis
554 1155 634 1237 ejus
666 1149 767 1236 gentis
803 1150 896 1216 etiam
927 1147 1052 1235 optimis
1086 1171 1171 1231 cum,
1194 1170 1231 1214 ec
1252 1135 1348 1236 plane
1369 1137 1546 1221 barbarum.

273 1251 516 1318 mediocritatem
567 1273 723 1338 nunquam
773 1251 912 1331 excedit,
969 1248 1053 1316 dem·
1173 1249 1346 1320 Formam
1360 1245 1521 1336 argenteis
1542 1254 1663 1320 tertiam
1685 1258 1866 1342 magnitudi·
1983 1267 1988 1276 “

182 1391 190 1398 -
272 1353 335 1441 ptis
352 1353 562 1438 Emporitanis
582 1364 621 1420 et
636 1345 870 1434 Rhodensibus,
895 1369 974 1439 quos
996 1351 1053 1416 sci·
1088 1371 1159 1416 nem
1187 1371 1253 1418 non
1280 1357 1414 1438 superat.
1458 1355 1559 1421 Aeaei
1586 1356 1686 1429 omnis
1709 1373 1780 1425 sunt
1802 1381 1867 1425 mo·

273 1475 322 1518 res
362 1475 380 1518 a
413 1453 556 1533 Graecis,
594 1453 681 1540 quod
706 1462 818 1536 erant,
862 1453 1053 1530 elaboratos,
1089 1452 1165 1555 duli,
1189 1453 1280 1520 etiam
1303 1473 1524 1542 nonnunquam
1547 1448 1706 1540 maximi

179 1649 197 1656 ..
273 1554 330 1620 sed
356 1565 388 1622 et
410 1553 444 1620 bi
471 1557 571 1624 serius
598 1565 712 1623 tracto
728 1554 878 1678 avicinis
905 1554 1054 1640 contagio

315 1713 448 1832 VIII.
474 1753 536 1834 De
562 1763 793 1836 credulorum
816 1762 984 1860 operabus
1007 1762 1299 1875 Hr'spombnsem
1325 1777 1519 1838 monetam
1541 1765 1584 1838 ill
1567 1708 1866 1894 lustranlrdils

363 1955 605 2024 Abundantibus
639 1959 686 2025 rei
721 1961 918 2026 monetariae
945 1959 1060 2026 veteris
1093 1960 1147 2045 qni
1176 1961 1209 2025 in
1236 1962 1300 2027 hoc
1326 1971 1506 2046 argumento
1529 1966 1640 2030 versati
1661 1974 1747 2043 sunt,
1775 1963 1871 2048 longe
1944 1927 1948 1936 ι

276 2055 311 2121 ιι
333 2055 490 2173 Hispania·
514 2060 633 2150 copiis,
658 2082 725 2127 non
760 2061 887 2128 defuere
912 2063 969 2128 viri
992 2065 1058 2145 ejus
1092 2062 1249 2146 superavit
1301 2061 1455 2128 Heuricus
1503 2047 1666 2132 Florezius
1710 2062 1870 2152 Hispanus
1916 2113 1918 2122 .

227 2211 232 2222 ,
276 2157 432 2272 regionis
458 2159 633 2253 eruditione
681 2167 891 2280 praestantes,
945 2163 1058 2250 quibus
1093 2162 1171 2229 Ord.
1208 2165 1241 2230 S.
1277 2163 1357 2250 Aug
1403 2163 1529 2248 vulgato
1568 2188 1677 2258 ppere.
1722 2169 1871 2234 Metellus
1932 2233 1935 2240 Δ
1974 2167 1979 2254 ζ

278 2260 392 2346 operae
417 2244 549 2348 pretium
576 2263 644 2330 fote
673 2255 800 2346 visum,
819 2266 847 2332 si
868 2265 964 2348 justis
991 2285 1059 2330 eam
1091 2269 1140 2356 de·
1154 2268 1202 2332 lca
1229 2269 1371 2345 coloratos,
1403 2271 1573 2350 ιιιιιιιιῳιοι
1603 2293 1624 2350 y
1652 2269 1772 2350 puellm
1796 2273 1871 2333 ιιιιι·

243 2447 246 2456 ,
278 2363 505 2430 commentariis
525 2363 723 2442 illustrarent.
769 2366 847 2434 Non
869 2367 921 2432 hic
943 2387 1057 2432 memo·
1091 2388 1169 2449 geor
1192 2367 1389 2450 deEsporio.
1426 2369 1476 2434 En
1497 2369 1623 2434 Mcdn'd
1643 2373 1736 2438 1757.
1759 2377 1790 2435 la
1812 2375 1871 2440 ιιι.

276 2463 353 2530 rabo
390 2467 574 2533 vetustiores
609 2467 700 2550 illos,
739 2489 871 2556 quornm
900 2481 1006 2555 opera
1024 2470 1058 2532 iu
1093 2466 1267 2537 Constabat
1288 2471 1420 2557 primum
1442 2469 1642 2558 partibusll.
1665 2462 1781 2540 Verum
1804 2479 1873 2537 cum
1962 2485 1993 2536 ,·

278 2564 338 2630 bac
364 2569 411 2630 rei
416 2562 668 2636 numismaticce
692 2570 802 2636 lnce
786 2586 860 2655 Jam
881 2569 947 2636 fere
975 2569 1060 2644 fasti-
1094 2591 1192 2657 opere
1214 2574 1280 2655 jam
1308 2571 1446 2657 perlecto
1478 2572 1598 2638 auctori
1625 2571 1667 2637 ob
1690 2571 1801 2640 oculos
1823 2594 1873 2640 ve·

167 2711 172 2719 -
260 2663 420 2748 *dinatum
448 2687 641 2756 quorumque
669 2671 847 2757 catalogum
870 2671 957 2740 dedit
978 2673 1075 2738 Βιιι
1094 2671 1192 2742 uisset
1210 2675 1334 2764 justum
1356 2693 1465 2758 agmen
1486 2691 1650 2765 numerum
1670 2672 1763 2766 hujus
1785 2694 1872 2758 argu·

281 2766 442 2834 demusin
408 2789 524 2835 rusus
544 2773 723 2839 Bibliotheca
743 2780 891 2854 ιιιιιια,
920 2796 957 2840 ac
983 2774 1073 2840 mul·
1093 2773 1190 2839 menti
1233 2774 1373 2838 nondum
1417 2756 1628 2856 cognitorum,
1671 2761 1754 2838 lecta
1795 2767 1874 2840 haec
1978 2827 1983 2841 .

280 2876 315 2934 to
354 2855 549 2955 ampliorem
570 2871 762 2943 Lndovicus
787 2873 1010 2962 Velasquez
1001 2876 1062 2946 rai·
1094 2871 1345 2960 supplementa
1335 2895 1368 2940 ιι
1396 2882 1515 2967 partem
1537 2873 1593 2938 111.
1627 2875 1778 2958 conjecit,
1808 2874 1873 2939 edi·
1888 2907 1892 2914 ·

281 2972 326 3036 tio
354 2973 480 3060 operis,
504 2976 592 3058 cnjus
618 2994 713 3062 snpra
738 2975 906 3062 eapiteV,
926 2977 1060 3064 amplam
1093 2973 1200 3068 ditque
1221 2995 1311 3040 anno
1328 2979 1420 3045 1773.
1442 2974 1556 3043 additis
1576 2983 1747 3060 praeterea
1766 2993 1875 3060 regum
1906 3065 1912 3072 .

280 3075 468 3142 mentionem
511 3073 579 3150 ieci
615 3075 746 3149 ,ιιοιιιιι
781 3075 924 3165 plerique
959 3080 1059 3166 expli·
1096 3077 1273 3143 Gothorum
1318 3049 1489 3166 Hispaniae
1533 3073 1608 3145 olim
1658 3077 1874 3163 imperantium

266 3175 388 3261 ,candia
421 3185 539 3244 tantum
572 3179 683 3258 sumis,
708 3180 763 3262 iis,
800 3181 854 3268 qui
888 3179 1061 3268 Hispanam
1095 3180 1205 3245 rumis.
1251 3182 1383 3247 Omnem
1409 3181 1490 3248 hanc
1516 3187 1660 3254 monetae
1681 3177 1799 3265 patriae
1821 3177 1873 3242 c'o·
1921 3235 1924 3244 .

281 3277 470 3364 epigraphen
507 3278 657 3362 offerunt,
694 3292 767 3348 sunt
790 3283 955 3350 ιιιιιοιιιι.
999 3283 1061 3349 Va·
1094 3282 1176 3368 piam
1204 3282 1318 3350 tabulis
1351 3284 1455 3350 aeneis
1478 3283 1612 3349 omnino·
1633 3279 1764 3347 LXVII.
1797 3273 1875 3348 scite

281 3377 344 3442 riar
382 3389 523 3444 monetae
553 3382 647 3466 hujus
677 3394 795 3469 partes,
829 3407 898 3468 cupi
935 3385 1061 3451 occasio
1096 3393 1127 3448 et
1160 3383 1305 3452 adcurate
1340 3386 1469 3450 incisam
1509 3381 1765 3472 repraesentavit,
1810 3397 1875 3446 nou
1940 3457 1944 3466 ,

283 3476 372 3558 tulit,
409 3479 576 3564 explicavit
607 3484 762 3552 nnrouus
788 3485 981 3572 Augustinus
1015 3509 1062 3552 ar·
1096 3485 1330 3573 comprehensis
1352 3485 1415 3551 hoc
1437 3505 1566 3552 numero
1598 3483 1699 3570 numia
1722 3481 1875 3553 Gothicis.
1925 3537 1929 3559 ,
2026 3480 2031 3492 '
2090 3477 2096 3492 '

231 3583 236 3594 “
273 3577 506 3666 ἰιιιιριιιοριιι
522 3579 765 3650 Tarraconensis
787 3586 820 3651 in
842 3588 964 3674 eximiis
985 3589 1061 3670 suis,
1096 3585 1219 3652 Numos
1251 3587 1290 3654 ιι
1325 3607 1405 3674 opus
1441 3609 1529 3654 suum
1556 3583 1623 3652 uou'
1648 3585 1780 3672 recepit,
1814 3585 1877 3662 nist

283 3679 501 3766 omnibusque,
526 3681 579 3766 qui
600 3683 659 3746 arti
679 3696 803 3752 nostrae
826 3687 901 3756 dant
922 3712 1061 3778 operam,
1097 3709 1176 3775 quos
1213 3687 1336 3753 vidit'
1327 3709 1410 3776 ipse,
1450 3699 1502 3756 aut
1534 3688 1652 3752 aviris
1686 3684 1748 3750 fide
1774 3684 1875 3772 dignis

249 3823 251 3832 ,
283 3780 409 3882 abunde
435 3783 568 3899 cognitis
592 3782 735 3868 dialogis.
779 3786 901 3860 Nomos
923 3793 1061 3858 colonie·
1097 3790 1200 3856 editos
1222 3791 1348 3875 reperit,
1364 3795 1437 3875 J'ure
1456 3787 1537 3854 adeo
1558 3785 1704 3852 fastiditis
1733 3785 1877 3851 omuibus
2005 3834 2010 3843 .

284 3904 366 3964 mm,
422 3884 723 3972 mtmicipiorumque
766 3886 953 3974 Hispaniae,
1011 3895 1064 3982 qui
1093 3865 1151 3970 ιιι,
1186 3890 1239 3976 qui
1265 3911 1359 3958 unum
1390 3890 1547 3958 Goltzium
1567 3906 1765 3975 praeconem
1795 3887 1876 3950 nacti
1993 3898 1996 3906 “

287 3983 452 4053 Caesarum
483 3983 603 4082 efligies
631 3985 781 4070 offerunt,
800 3995 984 4106 proposuit
1010 4015 1114 4064 err-s
1099 3999 1188 4072 s,uut
1210 4011 1324 4076 magno
1351 4001 1433 4062 certe
1461 3998 1571 4058 ιοιιιο
1594 3986 1761 4074 legentium
1784 3986 1877 4052 bene·

284 4083 472 4174 plicavitque
498 4087 637 4156 loannes
660 4080 886 4160 Vaillantlus
876 4117 996 4164 rusco
1024 4096 1065 4163 de
1099 4093 1187 4186 ficio,
1231 4111 1300 4158 cum
1335 4091 1374 4157 ab
1412 4092 1482 4160 aliis
1524 4089 1727 4178 scriptoribus
1762 4087 1877 4176 passim

286 4186 421 4254 coloniis
443 4211 554 4280 opere,-
591 4199 656 4258 tum
685 4203 716 4262 ct
738 4196 918 4282 Sigebcrtus
946 4193 1064 4265 Haver·
1101 4178 1267 4262 Goltziana
1296 4193 1444 4280 figmenta·
1473 4215 1542 4258 curn
1573 4193 1668 4270 veris,
1713 4211 1750 4258 ac
1792 4190 1883 4286 inge·N

287 4311 413 4378 campus
431 4291 464 4355 ιι
480 4293 543 4356 suis
557 4292 597 4357 ad
614 4291 759 4366 Andreae
772 4297 914 4366 Morellii
928 4300 1067 4366 Theseu*
1100 4298 1171 4363 nnis
1207 4295 1360 4385 permixta
1395 4294 1502 4362 videm
1534 4293 1622 4360 nullo
1655 4289 1767 4358 addito
1797 4289 1875 4356 indi·

287 4411 354 4459 rum
376 4412 539 4456 numorum
558 4393 779 4480 imperatorum
801 4401 1040 4467 commentariis.
1102 4400 1167 4480 cio,
1198 4421 1260 4485 quo
1284 4417 1471 4463 caveremus.
1518 4392 1765 4458 Commentarios
1790 4401 1908 4478 prae·

388 4491 505 4557 Verum
543 4495 678 4563 omnium
710 4501 902 4594 superiorum
946 4499 1065 4582 laudes,
1102 4501 1217 4566 cedunt
1245 4499 1468 4588 prolegomena
1494 4495 1597 4582 ampla
1627 4469 1729 4560 varia
1739 4515 1775 4561 ac
1802 4491 1877 4560 mul·

322 4591 395 4656 (rot.
418 4597 454 4658 1.)
1321 4629 1335 4656 ι
1637 4595 1665 4662 Β
