4438 5462
218 463 250 489 ,.
366 428 439 483 xxx
499 439 508 454 =
830 363 1528 511 raonueomnuncsuennms.
1602 447 1618 468 .-
1639 364 1646 472 ss

467 787 653 865 necaro
679 803 837 864 ceterum
862 788 1014 892 triplicis
1036 792 1186 888 metelli
1202 793 1258 866 a'd
1278 800 1453 869 monetur
1477 793 1666 893 negotium
1691 792 1844 908 delectu.

292 931 327 948 '⁸
365 929 539 1022 Articulo‘
569 952 775 1041 praecedente
819 953 972 1052 diversam
1014 948 1145 1042 triplicis
1179 955 1259 1041 ginis
1280 975 1338 1044 per
1357 968 1422 1026 tres
1445 959 1531 1028 orbis
1553 959 1672 1046 cogniti
1692 967 1796 1045 partos
1822 969 1980 1046 sparsas,
2091 1049 2096 1056 Ι

366 1056 482 1126 metalli
511 1055 698 1152 probitatem
727 1056 910 1144 peregimus.
959 1055 1007 1150 At
1035 1056 1144 1137 modo,
1179 1055 1367 1145 nequidem
1394 1060 1527 1150 demptis
1551 1063 1676 1144 Cyrene
1696 1058 1835 1141 Africae,
1871 1055 1958 1126 Mas·

306 1207 318 1216 ,.
366 1159 452 1249 quod
495 1159 639 1247 populis,
689 1157 832 1238 urbibus,
881 1155 1007 1244 regibus
1059 1159 1146 1225 veria
1180 1157 1250 1226 silis
1278 1159 1399 1226 Galliae
1405 1209 1417 1241 ‚
1454 1159 1614 1248 Emporiis
1643 1173 1674 1229 et
1701 1161 1818 1228 Rhode
1844 1160 1958 1248 Hispa·

297 1335 303 1341 ,
365 1271 466 1329 estete
500 1261 541 1328 ad
574 1257 748 1326 feriendam
784 1269 941 1325 monetam
978 1258 1145 1345 probatum
1178 1260 1258 1326 niae.
1321 1261 1400 1326 Cum
1432 1263 1525 1354 urbes
1554 1263 1679 1350 ltalices
1712 1262 1800 1343 dico,
1837 1261 1959 1330 ltaliam

365 1363 457 1431 drmit
494 1361 666 1443 metallum,
711 1358 813 1426 obiter
847 1362 1030 1428 intueamur.
1078 1359 1145 1426 Nc·
1178 1360 1323 1448 intelligo
1353 1361 1500 1451 mediam,
1538 1363 1671 1430 Romam
1700 1385 1768 1428 cum
1805 1363 1898 1428 Latio
1927 1372 1961 1428 et

366 1487 427 1551 que
463 1463 544 1548 enim
571 1463 673 1530 omnis
699 1455 854 1549 pbpnlus,
891 1463 982 1544 urbs,
1015 1482 1144 1548 regnum
1179 1462 1391 1547 adjacentibus
1433 1464 1631 1552 regionibus,
1684 1471 1749 1530 tum
1791 1455 1959 1556 Etruriam,

367 1564 452 1632 omni
482 1573 610 1646 aetate,
633 1573 686 1631 aut
717 1561 828 1630 eodem
860 1567 1000 1656 tempore
1030 1564 1145 1654 triplex
1178 1565 1414 1654 Vmbriemque,
1452 1586 1522 1633 nam
1558 1567 1646 1636 ltalia
1677 1565 1820 1653 superior
1858 1565 1960 1636 Gellia

185 1663 188 1674 '
309 1721 311 1726 .
365 1663 523 1732 metallum
544 1666 576 1729 in
598 1686 710 1731 numos
732 1663 892 1768 formavit,
930 1667 1002 1749 sed,
1036 1678 1070 1734 nt
1091 1687 1145 1755 pa·
1179 1667 1318 1738 habitata
1359 1687 1524 1736 nnmerum
1567 1669 1634 1736 lere
1677 1668 1792 1735 sterilis
1836 1685 1960 1754 semper

240 1815 246 1826 ·
345 1768 459 1849 -tebit,
486 1767 575 1834 vario
604 1768 652 1834 usi
679 1770 804 1835 suntin
826 1771 893 1854 ejus
915 1768 1038 1838 delectu
1059 1772 1145 1863 insti·
1178 1769 1252 1854 tuit,
1295 1770 1424 1840 inferior
1460 1769 1587 1858 dempto
1627 1771 1754 1838 Samnio
1792 1769 1857 1836 sere
1893 1780 1961 1836 tan·
1998 1857 2006 1864 .

366 1877 445 1937 tuto.
490 1869 590 1944 Prava
610 1868 671 1935 bae
691 1871 724 1938 in
747 1893 839 1938 eausa
854 1871 988 1957 judicia,
1012 1896 1091 1961 quae
1112 1875 1146 1942 in
1179 1882 1245 1940 turn
1283 1873 1377 1941 urbes
1415 1875 1555 1942 Graecae
1590 1874 1758 1961 prosapiae
1794 1870 1961 1960 complexa

249 1969 251 1972 ’
319 1995 329 2012 ⁸
367 1969 501 2059 plurium
532 1973 699 2058 insignium
727 1975 865 2040 virerum
898 1976 1046 2062 operibus
1072 1994 1146 2062 pro·
1180 1983 1236 2040 est.
1290 1975 1436 2062 Denique
1466 1976 1656 2056 monendum
1685 1975 1803 2055 adbuc,
1828 1963 1962 2040 ‘criteria

365 2084 479 2162 pagata
515 2077 668 2180 reperias,
718 2075 799 2140 hene
839 2095 965 2162 queque
999 2075 1145 2164 disquisi·
1179 2093 1345 2142 numerum
1386 2085 1525 2144 remotae
1561 2079 1752 2168 antiquitatis
1789 2079 1968 2144 consistere·

365 2179 483 2244 tionem
498 2181 573 2263 jure
591 2178 742 2263 imperare
763 2175 915 2246 videntur.
955 2176 958 2182 ’
1070 2181 1078 2190 “
1179 2176 1214 2242 in
1240 2176 1361 2242 ratione
1390 2178 1546 2264 picturae,
1591 2180 1624 2242 in
1646 2178 1752 2245 'modo
1785 2178 1962 2274 inscriptio-

452 2277 627 2344 Adfirmare
659 2298 725 2344 non
753 2276 905 2342 dubitavit
933 2277 1065 2364 insignis
1091 2276 1145 2343 Jo-
1180 2277 1245 2360 nis,
1283 2287 1314 2344 et
1331 2277 1491 2344 literarum
1512 2279 1629 2363 forme,
1666 2281 1699 2346 in
1728 2299 1869 2344 concavo
1891 2300 1960 2364 per·

243 2453 254 2464 ,
352 2378 491 2460 bertus,
526 2396 617 2464 reges
652 2386 683 2442 et
708 2375 808 2447 urbes,
829 2379 964 2445 Graecas
995 2380 1048 2446 diu
1076 2389 1146 2446 ente
1180 2383 1221 2446 tis
1243 2397 1396 2476 aversae,
1420 2381 1486 2448 sive
1514 2379 1696 2469 quadratum
1724 2380 1863 2448 infernae
1880 2377 1962 2446 illud

238 2575 240 2584 γ
302 2569 303 2574 ¹
367 2480 475 2548 urbem
511 2479 668 2547 condem
701 2479 915 2568 perelegantes
952 2501 993 2546 ex
1024 2479 1147 2568 triplice
1181 2483 1235 2564 sit,
1269 2483 1334 2550 sive
1356 2489 1458 2550 cenas
1480 2483 1604 2570 quidam
1631 2494 1743 2570 typus,
1774 2484 1870 2570 inque
1891 2481 1962 2552 aliis
2017 2493 2040 2520 '·

325 2607 329 2614 ·
367 2581 495 2652 metallo
528 2603 638 2670 numos
669 2583 797 2650 cudisse‘
807 2583 848 2668 ⁰).
889 2580 996 2668 Magis
1033 2582 1148 2650 diserte
1182 2585 1299 2674 causis,
1334 2606 1411 2672 quas
1437 2581 1520 2652 nunc
1540 2587 1768 2671 nestorianae
1786 2583 1895 2672 paucis
1918 2590 1961 2652 at·
2043 2573 2066 2644 ’.

181 2677 184 2684 '
243 2696 246 2704 ·
368 2675 543 2767 Pess'erius,
586 2685 830 2774 antiquissimam
868 2683 985 2773 ubique
1027 2706 1148 2774 semper
1181 2685 1287 2772 tigissc
1309 2687 1384 2754 satis
1406 2685 1595 2770 luerit,.sed
1618 2689 1693 2756 olim
1716 2689 1877 2774 copiosius
1892 2707 1963 2776 per·
2071 2725 2072 2730 κ

368 2785 465 2854 fuisse
511 2797 666 2854 monetam
715 2794 895 2862 censent).
943 2779 1037 2862 ‚At'
1066 2789 1148 2856 enim
1182 2808 1382 2876 sequemur..
1453 2865 1457 2872 ἢ
1566 2844 1571 2852 .

307 2903 309 2914 ·
369 2911 478 2958 omnes
509 2891 556 2958 rei
580 2890 778 2960 ¹monetariae
809 2887 922 2958 veteris
955 2909 1063 2958 causes
1094 2911 1149 2978 pe·
1270 2889 1346 2971 His,
1379 2899 1414 2960 ut
1445 2890 1626 2982 oportebat,
1665 2891 1859 2977 praemissis,
1896 2887 1964 2958 nul·

284 3009 286 3015 ⁴
367 2985 462 3060 nitius
491 2994 615 3060 rimanti
644 2993 734 3061 facile
764 2993 899 3079 patebit,
936 2993 1150 3080 antiquissima
1182 2993 1246 3060 lum
1273 2997 1478 3076 ejo‘exstere
1506 3001 1651 3060 monens
1677 2993 1816 3060 Graecae
1838 3011 1963 3058 numum

369 3103 468 3162 aetate
501 3095 630 3162 urbibus
657 3093 786 3160 Graecis
818 3111 893 3167 non=
912 3089 1010 3156 fuisse
1042 3113 1149 3156 mone·
1183 3113 1326 3172 aeneum,
1363 3093 1417 3176 qui
1453 3105 1492 3158 ex
1526 3093 1683 3164 similibus
1706 3093 1808 3158 musis
1835 3090 1964 3176 longam

369 3181 463 3274 tam,
484 3195 546 3260 nisi
575 3192 767 3278 argenteam,
809 3190 909 3254 rarius
939 3209 1077 3270 auream,
1117 3199 1149 3256 et
1181 3189 1355 3277 praeferret
1375 3201 1547 3271 senectam,
1585 3200 1617 3257 et
1643 3192 1671 3258 si
1700 3191 1769 3278 quis
1797 3191 1879 3258 forte
1909 3191 1964 3258 ali·

371 3289 500 3370 urbibus
522 3290 638 3356 Italicis
659 3291 786 3357 nonnbi
808 3307 944 3354 aeneam
1080 3357 1086 3380 Ι
1184 3289 1257 3355 cubi
1278 3299 1419 3376 repertus
1447 3301 1513 3373 est,
1546 3311 1659 3358 vereor
1684 3313 1891 3380 magnopere,
1924 3301 1964 3362 rie

454 3388 561 3476 Atque
611 3391 693 3458 banc
735 3410 795 3475 ego
840 3388 1022 3455 sententiam
1066 3397 1152 3470 ante,
1184 3389 1299 3458 amissa
1329 3392 1447 3476 argenti
1483 3392 1659 3476 bracteola,
1696 3401 1784 3483 cujus
1821 3418 1884 3484 ope
1918 3417 1965 3472 ar,-

371 3513 462 3580 quam
494 3491 660 3579 probatum
694 3513 778 3572 eam,
823 3488 974 3576 quaedam
1009 3511 1152 3588 necesse-¹
1185 3503 1309 3580 gentum
1344 3493 1419 3560 olitn
1447 3503 1497 3561 est
1521 3497 1681 3579 mentitus,
1717 3519 1831 3566 aeneus
1859 3519 1964 3588 evase·

369 3594 419 3662 rio
447 3594 542 3662 video
572 3616 641 3663 esse
667 3585 907 3684 praemonenda
964 3592 1150 3682 Antiquissi·
1185 3595 1243 3679 rit,
1290 3615 1365 3664 uem
1400 3607 1552 3675 vetustam
1582 3621 1650 3668 eam
1683 3587 1786 3670 tuisse
1814 3600 1964 3682 baedam,
2036 3641 2039 3648 ·

289 3738 295 3747 ι
371 3713 452 3764 mam
484 3703 614 3764 aetatem
651 3718 719 3767 cum
760 3696 849 3780 dico,
893 3695 1036 3784 intelligo
1073 3719 1151 3779 eam,
1185 3699 1261 3767 alibi
1289 3699 1480 3768 docebimus.
1532 3702 1673 3792 Inspice,
1710 3705 1738 3770 si
1763 3702 1864 3781 lubet,
1895 3701 1964 3766 lon·
2069 3709 2072 3718 ’

373 3819 453 3888 quae
495 3821 515 3868 a
552 3800 655 3888 priam
698 3800 745 3866 rei
786 3799 975 3868 monetariae
995 3877 998 3891 .
1017 3799 1151 3866 exordio
1186 3823 1257 3890 gum
1283 3813 1428 3874 monens
1457 3827 1572 3876 aeneae
1602 3807 1817 3900 Syracusanae
1843 3819 1963 3888 minen,

244 3943 249 3951 ·
371 3923 472 3992 usque
506 3898 548 3967 ad
583 3901 685 3970 vicina
720 3899 868 3990 Pisilippo
900 3901 942 3967 II.
980 3900 1153 3969 Macedoni
1185 3906 1218 3972 in
1246 3927 1310 3993 qua
1335 3907 1453 3976 nullum
1481 3929 1556 3978 sane
1576 3906 1713 3992 reperies
1735 3923 1878 3986 numum,
1911 3903 1966 3991 qni

372 4014 515 4091 tempora
544 3995 655 4074 fluxit(
703 4003 780 4085 Cum
811 4002 905 4070 urbes
933 4004 1069 4096 Graecas
1095 4025 1153 4072 no·
1186 4007 1252 4077 sive
1271 4009 1475 4098 inscriptione
1494 4006 1619 4076 SVRA.
1640 4025 1699 4092 pro
1719 4005 1878 4087 EYPA,
1899 4005 1966 4074 eive

317 4181 320 4194 Ι
373 4107 474 4187 mino,
513 4127 579 4171 non
604 4105 701 4174 modo
731 4104 892 4176 Graeciam
920 4106 1083 4193 propriam
1106 4107 1151 4176 iu·
1173 4109 1324 4197 *picturae
1352 4112 1474 4178 ratione
1494 4107 1704 4177 uetustissimo
1737 4116 1856 4174 tantum
1884 4129 1964 4178 aevo

342 4284 345 4288 ,
373 4205 498 4293 telligo,
532 4208 589 4274 sed
617 4219 648 4276 et
672 4207 767 4276 urbes
795 4227 903 4278 omncs
921 4207 1077 4276 Graecae·
1093 4211 1153 4276 ori·
1187 4212 1337 4300 propria,
1363 4221 1483 4277 remote
1516 4208 1578 4276 sibi
1603 4201 1875 4320 tempora'possit'
1899 4211 1965 4278 vin·

407 4515 412 4522 .
441 4441 471 4509 c)
489 4437 565 4497 Tora.
581 4401 603 4497 l
619 4461 646 4512 p.
663 4443 687 4497 5.
722 4411 754 4512 p)
771 4439 885 4512 Paralip.
904 4439 937 4495 ad
955 4405 1072 4514 [lempst.
1089 4466 1116 4515 p.
1129 4447 1188 4506 157¹.
