4472 5472
862 531 1257 664 cAnvu'xur
1518 561 1556 569 ··
1624 532 1865 650 [mvn
1975 619 1983 630 .

259 705 435 822 Augustum
466 709 557 776 victis
600 705 729 776 aemulis
776 704 938 795 paullatim
982 729 1046 772 οιιι-
1080 707 1182 772 simae
1202 687 1321 774 formae
1342 702 1417 772 inde
1438 704 1478 773 ab
1502 706 1664 776 Hadriano
1692 714 1773 782 cusis
1789 716 1861 802 ple·
1957 683 1994 753 ι’

263 809 335 884 nain
379 821 504 879 senatus
529 810 719 899 populique
760 817 946 928 potestatem
986 808 1047 874 sibi
1080 827 1209 896 rumque
1232 808 1391 876 omittitur
1417 810 1540 898 Supra
1565 812 1666 900 capite
1687 813 1726 881 V.
1756 819 1870 885 ιιιῑιίι,
1957 885 1959 892 ,

264 914 451 1000 subjecisse,
473 933 513 979 an
533 913 714 994 verisimile,
742 913 884 984 ourisisse
906 932 976 978 eum
991 913 1045 995 jus
1080 909 1153 978 mile
1175 929 1243 975 esse
1266 909 1348 992 dixi,
1370 910 1454 977 istud
1462 934 1603 1004 quoque
1624 936 1787 984 numorum
1797 940 1860 1037 ge

264 1015 436 1104 signandae
456 1021 618 1097 monetae,
647 1013 748 1103 quod,
773 1023 809 1081 ut
834 1014 925 1080 initio
953 1012 1045 1098 hrans
1084 1032 1142 1076 nus
1165 1021 1292 1107 senatuis
1313 1012 1441 1079 arbitrio
1463 1013 1559 1082 fuisse
1581 1017 1744 1102 signatum,
1768 1022 1862 1089 omia·

209 1203 216 1214 .
264 1129 412 1190 macutus
458 1117 612 1199 diximus,
671 1109 873 1184 certissimum
922 1135 1045 1201 semper
1079 1133 1146 1179 sam
1164 1099 1270 1179 nutem
1294 1116 1462 1199 generatim
1484 1120 1705 1200 nomaso,
1729 1143 1769 1188 ne
1790 1145 1861 1190 oum

265 1242 423 1288 summae
432 1221 465 1286 ιιι
496 1220 659 1308 republica
688 1220 853 1307 potestatis
884 1238 1064 1303 argumen-
1078 1221 1204 1280 moneta
1231 1213 1390 1282 ordinaria
1417 1217 1669 1289 confunderetur
1718 1227 1761 1289 Ar
1789 1236 1861 1292 suut
1953 1211 1957 1220 ’
2020 1207 2024 1220 ’

264 1331 329 1389 turn
355 1321 412 1388 ιιιιι
436 1321 593 1390 habitum?
644 1317 740 1402 Quod
767 1323 794 1388 si
817 1329 969 1388 monetae
989 1317 1203 1387 uectium
1194 1339 1227 1382 ιιι
1249 1316 1470 1386 illustrioribus
1497 1322 1610 1391 museis
1636 1323 1729 1411 hujus
1750 1325 1860 1393 classis

122 1431 136 1440 ’
263 1425 381 1516 gotium
418 1446 486 1490 cum
523 1433 632 1492 senatu
673 1423 926 1522 communicavit,
969 1421 1043 1488 sibi·
1078 1404 1247 1501 nonnulli,
1240 1420 1310 1507 qui
1321 1415 1493 1488 notantS.
1516 1424 1551 1488 Ο.
1576 1423 1735 1507 addidere,
1758 1432 1858 1513 ouJus·

265 1549 323 1614 que
365 1525 521 1594 metallum
565 1524 721 1612 nobilius,
771 1525 881 1592 viliore
924 1523 1046 1591 senatui
1079 1519 1170 1588 modi
1191 1521 1272 1588 vel
1262 1543 1296 1586 ιι
1318 1521 1389 1588 solo
1412 1543 1520 1597 museo
1542 1525 1658 1592 Albani
1684 1525 1782 1593 habes
1805 1549 1858 1594 nu-

263 1630 432 1716 permisso',
463 1629 648 1709 reservarit,
666 1628 759 1694 iecit
778 1612 863 1693 istud
884 1627 1044 1715 populari·
1079 1641 1150 1688 mos
1177 1625 1319 1709 irajarri,
1353 1624 1520 1708 Antonini,
1557 1621 1750 1710 Garumnae,
1786 1629 1859 1698 Ale·
1908 1655 1912 1665 ¹

262 1741 309 1798 ter
334 1754 371 1797 ao
385 1730 574 1812 moderate,
602 1751 643 1796 ne
669 1729 744 1794 huic
770 1727 849 1793 nihil
869 1727 1045 1815 relinquere
1078 1723 1194 1792 xandri
1203 1727 1320 1808 Severi,
1343 1735 1436 1812 atque
1453 1728 1514 1794 hos
1535 1728 1615 1796 inter
1630 1730 1721 1797 etiam
1736 1730 1859 1819 aliquos

228 1835 415 1920 ‘pristinae
446 1833 611 1922 potestatis
641 1829 826 1896 videremur..
862 1828 1026 1895 Eodem'
1017 1852 1044 1894 rs
1079 1826 1185 1914 amplo
1221 1825 1300 1893 orbe
1330 1830 1536 1916 conspicuos,
1571 1827 1624 1898 aut
1656 1853 1697 1898 ex
1732 1833 1858 1921 duplice
1953 1851 1957 1860 ·

264 1933 429 2048 exemplo,
462 1955 500 1998 ac
519 1939 656 2050 propter
685 1921 816 1998 eandem
843 1951 965 1998 oausam
995 1939 1042 1996 to·
1075 1927 1205 1994 metallo
1232 1928 1411 1996 formatos.¹
1428 1931 1528 1996 istud
1551 1953 1621 1998 cum
1641 1931 1771 2019 ιιιιιιιιι,
1800 1933 1858 2002 illa

265 2034 362 2101 rius·
353 2034 474 2120 imperii
498 2035 681 2121 provincias
707 2035 788 2102 inter
820 2056 855 2101 se
887 2055 924 2100 ae
955 2055 1042 2099 sena·
1076 2039 1153 2098 nota
1178 2029 1333 2101 indicabit
1356 2041 1408 2098 aut
1437 2032 1594 2100 arbitrium
1627 2046 1767 2119 senatus,
1803 2038 1856 2125 qui
1900 2058 1904 2080 ι
2032 2059 2037 2072 ·
2116 2109 2118 2119 ,

145 2141 155 2154 “
265 2145 330 2201 tum
357 2135 404 2201 sic
432 2133 550 2217 divisit,
590 2145 638 2218 nt,
675 2159 755 2225 quae
775 2135 860 2224 ,plns
890 2135 1044 2202 haberent
1076 2153 1150 2212 eos,
1172 2131 1232 2199 etsi
1252 2153 1319 2198 non
1340 2134 1372 2198 in
1393 2141 1537 2202 monetae
1557 2131 1666 2219 usum,
1686 2137 1801 2204 feriri
1787 2161 1855 2226 Jus·

263 2236 391 2304 roboris
425 2247 455 2304 et
483 2237 691 2319 auctoritatis,
725 2259 800 2314 suas
833 2251 904 2305 esse
936 2237 1041 2320 vellet,
1076 2233 1131 2314 sit,
1154 2234 1391 2306 autreierenda
1410 2238 1468 2303 erit
1489 2237 1530 2302 ad
1550 2247 1660 2330 typum
1682 2263 1720 2305 eo
1743 2239 1854 2326 modo,

251 2337 398 2428 ,reliquas
439 2342 574 2421 sesami,
616 2340 800 2430 populoque
842 2328 1045 2427 permitteret,
1081 2357 1143 2421 quo
1174 2357 1251 2403 mox
1283 2336 1412 2404 eandem
1447 2347 1554 2406 notam
1586 2342 1687 2408 aureis
1720 2363 1868 2430 qnoque,¹
1903 2391 1908 2400 .
1965 2365 1968 2374 ·

264 2463 326 2530 quo
348 2440 474 2529 quidem
496 2443 638 2510 instituto
666 2449 863 2531 praesentem
890 2443 983 2510 etiam
1005 2435 1046 2507 de
1077 2437 1296 2527 'argenteisque
1328 2442 1428 2507 uumis
1467 2443 1651 2529 impressam
1688 2444 1860 2531 explicabi-

264 2553 406 2613 monetae
435 2541 749 2614 divisione'causam
780 2543 941 2633 praeclare
967 2552 1048 2634 puto
1072 2560 1156 2610 ⁴rurus
1205 2539 1329 2610 Numos
1355 2543 1446 2610 Decii
1475 2565 1590 2614 acuens
1618 2548 1770 2613 maximae
1796 2547 1859 2614 ior·
1915 2547 1947 2590 ·'

160 2703 168 2712 .
264 2645 424 2718 illustrari.
1079 2663 1163 2723 mae,
1204 2663 1323 2732 eosque
1356 2646 1486 2727 obuios,
1527 2649 1580 2734 qui
1613 2671 1722 2715 omues
1754 2659 1861 2716 nomm
1968 2671 1974 2687 ‘

350 2749 515 2834 Superest,
544 2755 578 2814 ut
604 2748 772 2820 nonnullas
789 2747 878 2816 *alias
904 2747 1046 2836 inscripti
1080 2734 1114 2812 Sl
1134 2745 1379 2832 Clpraeferunt,
1405 2768 1471 2814 non
1492 2769 1609 2830 moror,
1633 2749 1705 2835 quia
1725 2750 1861 2818 dubitari

267 2851 367 2916 numis
389 2851 423 2914 S.
444 2847 484 2914 C.
507 2862 615 2915 causas
637 2850 870 2936 expediamus..
1033 2867 1044 2882 ⁴
1078 2868 1144 2914 non
1164 2856 1287 2934 potest,
1314 2871 1370 2914 eos
1392 2870 1496 2915 veram
1518 2849 1624 2940 fuisse,
1634 2859 1804 2932 monetam,
1827 2861 1859 2918 et

352 2951 378 3016 l
422 2948 500 3018 Inde
528 2949 568 3015 ab
595 2948 740 3036 Augusto
767 2951 936 3038 generatim
966 2952 1045 3020 Haec
1078 2949 1153 3018 satis
1166 2958 1309 3030 constat,
1331 2951 1563 3037 eo=impcrante
1584 2950 1618 3014 in
1637 2961 1783 3017 monetae
1806 2971 1856 3017 ae·

265 3060 341 3118 ncta
379 3053 493 3134 numia,
536 3052 589 3141 qui
624 3061 769 3120 meusne
802 3054 955 3120 rationem
990 3055 1044 3122 ha·
1078 3072 1156 3118 neae
1181 3049 1322 3142 pondere
1349 3073 1386 3117 ac
1414 3051 1516 3119 forma
1547 3049 1644 3118 multa
1676 3049 1771 3118 fuisse
1792 3052 1857 3118 im-

264 3153 372 3238 buere,
417 3153 475 3262 luit
509 3153 632 3222 inserta
688 3155 748 3222 Est
776 3164 880 3222 tamen
915 3155 1045 3244 aliquod
1081 3164 1205 3224 mutata.
1311 3211 1314 3220 ,

262 3277 424 3326 numerum
466 3278 580 3345 genus,
627 3255 731 3346 quod,
767 3247 841 3324 etsi
884 3259 1048 3324 commatis
1167 3257 1222 3323 111.
1250 3255 1329 3324 Post
1350 3253 1536 3340 Gallienum,
1558 3265 1593 3322 ut
1614 3254 1759 3366 diximus,
1781 3267 1859 3324 nota
1967 3313 1973 3338 ,

241 3361 359 3430 'certe
372 3359 507 3428 Romani
539 3370 602 3442 est,
636 3369 667 3426 et
700 3369 830 3427 moneta
860 3357 1047 3443 indubitata,
1082 3359 1116 3424 S.
1151 3359 1186 3424 G.
1220 3358 1312 3426 etiam
1345 3379 1407 3459 ex
1422 3361 1549 3426 moneta
1582 3379 1679 3428 aenea
1686 3329 1858 3477 migravit

265 3461 397 3526 notas.
420 3461 455 3526 O.
477 3469 655 3528 constanter
680 3471 775 3529 earet.
819 3462 970 3548 intelligo
998 3483 1048 3529 ne
1081 3459 1192 3526 Vtrum
1235 3461 1319 3529 istud
1361 3430 1476 3528 fadtum
1507 3461 1638 3530 arbitrio
1673 3463 1857 3558 principum,
1965 3503 1976 3523 ιι

264 3581 344 3628 neos
365 3559 407 3628 Il.
429 3555 582 3642 formae
573 3583 607 3628 ιι
627 3562 746 3628 ‘liberii
768 3573 895 3630 moneta
918 3562 1044 3648 obvios,
1080 3563 1262 3629 auctoritate
1283 3571 1408 3628 senatus
1431 3566 1497 3648 jam
1519 3573 1584 3631 tum
1605 3565 1671 3631 iere
1692 3565 1856 3646 exstincta,
1939 3553 1942 3558 ’
2011 3616 2014 3624 .

263 3661 452 3749 inquorum
479 3680 587 3728 aversa
611 3671 660 3726 est
681 3661 842 3731 Cadurcus
872 3665 953 3732 inter
980 3664 1050 3733 duo
1079 3684 1119 3729 an
1145 3674 1255 3753 suapte
1282 3663 1455 3732 exoleverit
1483 3685 1575 3746 usus,
1608 3667 1773 3748 incertum,
1807 3684 1858 3733 ne·

131 3819 139 3832 .
263 3762 512 3851 eorumeopiac,
551 3771 583 3829 et
611 3761 699 3850 quod
725 3766 901 3858 cumprimis
936 3767 1045 3836 obser·
1080 3787 1141 3853 que
1182 3785 1373 3854 magnopere
1409 3765 1604 3848 laboramus,
1642 3785 1712 3836 cum
1755 3775 1862 3834 vetera

264 3876 335 3934 uatu
357 3864 502 3952 digumu,
531 3885 574 3930 oa
590 3879 717 3953 quoque
746 3869 852 3932 carent
873 3870 962 3935 aenei
982 3863 1044 3936 Ve-
1078 3867 1200 3936 Romae
1233 3868 1373 3934 instituta
1400 3872 1466 3954 jam
1497 3868 1560 3936 hoc
1594 3876 1678 3932 aeuo
1708 3864 1858 3953 pleraque
1950 3903 1954 3916 ι

263 3967 398 4058 spasiani
432 3977 465 4034 at
502 3965 690 4058 Domitiani,
729 3966 782 4056 qui
801 4013 804 4022 ,
822 3968 953 4036 eundem
991 3970 1044 4040 ha·
1079 3969 1272 4052 mmoerent,
1306 3968 1393 4056 quod
1425 3967 1566 4040 acmdere
1597 3968 1643 4033 rei
1668 3967 1858 4040 monetariae

263 4067 340 4138 bent
360 4080 477 4187 typum
512 4067 654 4138 atvero
676 4072 744 4155 ejus
767 4070 902 4137 omissae
923 4073 1045 4140 musam
1079 4075 1245 4162 praecipue
1276 4069 1398 4153 debuit,
1435 4073 1508 4158 qnia
1538 4079 1603 4138 tum
1630 4067 1859 4150 officinae-,ru
1827 4069 1835 4083 “

222 4189 231 4206 ·
267 4165 361 4236 mura
383 4171 449 4238 reri
475 4171 622 4253 similem,
659 4173 732 4261 quia
758 4171 841 4240 idem
868 4173 920 4240 bic
950 4177 1046 4264 typus
1080 4177 1192 4294 quibus
1219 4182 1345 4241 moneta
1372 4171 1528 4255 feriretur,
1559 4191 1691 4259 coepere
1724 4172 1756 4238 in
1785 4189 1858 4258 pro·

266 4266 326 4335 fuit
346 4271 519 4352 symbolum
541 4283 683 4356 senatus,
713 4276 903 4392 populique,
930 4279 1047 4367 proba·
1079 4276 1190 4343 unciis
1226 4273 1374 4356 stabiliri,
1394 4295 1481 4342 cum
1499 4278 1562 4361 jus
1592 4271 1676 4342 istud
1710 4274 1861 4342 hactenus
1921 4305 1926 4318 ·

266 4370 371 4438 bimus
395 4367 601 4462 aliquando'
587 4397 621 4444 ιιι
647 4378 748 4446 numia
774 4378 894 4448 'liberii
920 4379 962 4447 ad
994 4385 1047 4448 ari·
1080 4357 1147 4443 soli
1164 4377 1234 4446 urbi
1254 4377 1438 4465 permissum
1460 4386 1551 4444 esset

265 4493 341 4542 num
362 4471 401 4540 V
425 4475 460 4540 Ο.
482 4477 554 4564 775.
733 4463 738 4484 '
1046 4544 1052 4572 ,
1166 4479 1221 4546 IV.
1244 4479 1477 4566 Nonnunquam
1498 4478 1582 4546 SUO
1603 4484 1748 4547 monetae
1769 4474 1861 4542 etiam

351 4571 391 4660 ll.
437 4553 557 4644 Eadem
584 4577 663 4646 base
692 4587 769 4648 nota
795 4579 829 4648 in
854 4582 956 4650 numis
984 4601 1062 4650 ιιι·-
1080 4599 1192 4652 aneae
1225 4589 1257 4648 et
1296 4589 1481 4667 argenteae,
1499 4579 1720 4667 imperatorum
1754 4578 1860 4648 inscri-
