4472 5472
418 513 562 568 nxxxu
761 549 764 556 .
868 491 1239 628 rqonacomaun
1265 445 1558 568 causarum.

420 657 531 722 Cretae
553 645 666 736 urbes,
700 663 734 720 ut
754 640 892 744 dicemus
905 656 947 722 in
967 655 1203 724 Atheniensium
1235 677 1299 722 snos
1327 663 1426 724 omaus
1450 669 1553 737 notae,
1590 639 1677 724 ctioln
1708 667 1819 724 acures
1850 663 1951 742 regios
1983 679 2020 724 cc

421 756 539 838 nuruis,
581 767 646 823 ιιιι
686 757 780 824 anxie
823 760 946 827 Atticae
989 770 1133 841 monetae
1169 759 1204 825 iu
1234 766 1418 843 peregriaos.
1475 761 1526 828 Ex
1549 781 1613 849 quo
1634 761 1779 847 apparet,
1816 757 1848 823 in
1869 753 2019 825 commer-

257 917 259 928 ,
347 843 371 946 ‘,
419 859 520 956 rumis
564 857 629 925 suis
672 859 815 948 pondus,
872 857 986 951 typos,
1034 881 1203 950 causasque
1238 861 1278 926 cii
1299 883 1355 928 cos
1378 883 1436 930 usu
1457 883 1523 930 non
1545 862 1649 930 fuisse.
1693 863 1767 940 Quo
1790 860 2030 949 temporeSici

420 981 531 1030 omnes
553 959 684 1028 fuerint
714 963 878 1044 imitatae,
945 986 1036 1052 quam
1085 974 1119 1032 ut
1163 961 1204 1031 ad
1237 963 1280 1030 lia
1305 970 1485 1052 praetorem
1513 965 1643 1034 Verrem
1665 964 1788 1045 babuit,
1826 964 1963 1032 ualuisse
1988 964 2021 1031 in

295 1055 299 1070 '
373 1149 384 1160 κ
423 1083 619 1130 communem
655 1068 720 1132 tum
756 1065 919 1132 universae
950 1068 1100 1133 Graeciae
1137 1087 1203 1133 nro·
1230 1041 1298 1132 lrac
1318 1068 1420 1135 insula
1440 1089 1553 1136 numos
1575 1078 1607 1134 et
1625 1068 1804 1148 Romanos,
1831 1076 1863 1132 et
1884 1067 2019 1147 Siculos,
2214 1051 2215 1096 t

376 1239 378 1248 ,
421 1177 525 1236 netem
562 1165 794 1235 conformarent
829 1185 956 1281 quoque
992 1190 1098 1250 suam
1141 1169 1205 1234 In
1238 1191 1280 1235 ex
1314 1169 1467 1236 Cicerone
1485 1169 1648 1236 drscrmus
1659 1174 1696 1246 1’)
1752 1170 1966 1258 Imperante'
1956 1191 2019 1288 qam
2053 1233 2058 1242 ,

420 1255 548 1340 monetis
589 1269 745 1336 communi
785 1268 883 1334 serius
930 1269 1029 1335 habiti
1079 1290 1205 1358 quoque
1238 1270 1383 1355 Augusto
1415 1280 1561 1338 monetae
1593 1270 1779 1358 protinoiali
1816 1273 1920 1358 parari
1957 1271 2020 1338 exi·
2065 1265 2086 1362 Ἰ
2156 1283 2162 1312 ’

421 1376 536 1446 fuerin
579 1371 665 1458 numi
706 1355 883 1436 Alexandri
916 1371 983 1452 M.,
1028 1393 1099 1438 nam
1142 1371 1204 1437 hos
1237 1371 1313 1437 tium
1333 1367 1491 1462 coepit,
1497 1371 1537 1436 Ei
1558 1383 1667 1439 auctor
1688 1373 1745 1440 fuit
1757 1371 1952 1454 Maecenas,
1985 1383 2021 1438 ut

364 1519 368 1524 ‚
420 1498 564 1566 quoque
574 1475 719 1563 proxime
739 1462 849 1539 imitati
876 1482 948 1540 sunt
974 1495 1062 1562 reges
1094 1467 1206 1554 exteri,
1238 1494 1278 1540 ne
1293 1470 1375 1542 urbs
1400 1473 1585 1573 propriam
1581 1474 1713 1540 haberet
1733 1483 1906 1556 monetam,
1943 1495 2022 1562 pon·

391 1613 394 1618 ·
423 1567 456 1648 ul
476 1573 627 1646 ιιιιιιίιιΙ
618 1600 652 1646 ιι
674 1579 766 1665 hujus
787 1577 869 1662 regis
892 1577 1002 1643 numia.
1051 1577 1206 1644 Pecuniae
1235 1577 1313 1661 dus,
1351 1598 1540 1660 mensurum,
1578 1597 1687 1650 omncs
1719 1575 1872 1644 Romanis
1901 1585 2023 1645 uteren-

223 1712 226 1722 ·
277 1765 285 1774 ⁸
347 1729 352 1736 -
421 1704 479 1773 per
518 1683 679 1750 Graeciam
722 1680 894 1750 communis
938 1679 1077 1752 meminit
1112 1679 1205 1746 etiam
1238 1691 1288 1747 tur
1298 1681 1335 1762 ι).
1397 1669 1594 1760 Revora'in
1632 1679 1812 1749 Occidentis
1852 1680 2024 1768 provinciis

352 1864 361 1870 ι
410 1786 576 1868 *Polybius
622 1807 691 1851 cum
735 1791 854 1864 narrat,
905 1783 1090 1899 Spartanis,
1132 1782 1206 1872 quia
1238 1783 1398 1872 paullatim
1436 1793 1562 1852 moneta
1604 1784 1705 1850 omnis
1747 1783 1852 1870 coepit
1890 1781 2023 1863 aboleri,

421 1890 515 1957 bellis
554 1883 624 1956 'sese
655 1887 791 1956 externis
822 1885 974 1974 implicari
1006 1887 1092 1972 passi
1123 1893 1204 1965 sunt,
1240 1887 1310 1954 sola
1338 1888 1501 1955 obtinente
1527 1887 1688 1968 Romana,
1718 1894 1755 1952 ut
1780 1895 1883 1988 ιιιιιιιι
1909 1885 2023 1952 diutius

424 2003 518 2111 atque
545 1992 586 2058 ad
612 1991 724 2059 horum
752 1997 893 2076 sumptus
919 2007 985 2052 non
1012 1987 1161 2054 valeret
1151 2007 1206 2072 pe·
1239 2012 1277 2056 ea
1303 1991 1337 2056 in
1359 1992 1531 2078 provinciis
1551 1994 1585 2057 in
1609 1992 1772 2058 Orientem
1786 1989 1913 2105 positis
1936 1987 2023 2053 dura·
2040 2021 2044 2026 ·

422 2098 513 2194 cunia
543 2095 659 2175 ferrea,
704 2092 920 2159 necessitatem
950 2087 1087 2156 fuisse'
1078 2087 1205 2174 unposi-
1239 2101 1301 2172 rot,
1356 2092 1470 2178 quod
1487 2103 1698 2178 argumentum
1730 2091 1917 2177 copiosius
1948 2089 2023 2156 alios
2093 2147 2100 2152 ,
2214 2175 2215 2188 ¹

374 2259 384 2264 -
421 2186 486 2264 tum
501 2194 683 2284 acquirendi
697 2215 810 2260 κοινου
820 2196 1073 2284 νομισματιιςι)
1061 2187 1206 2267 >Quod
1239 2194 1444 2260 tractavimus.
1502 2193 1647 2280 Denique
1678 2215 1735 2280 per
1771 2193 1881 2259 orbem
1915 2192 2023 2258 cultio·

425 2300 466 2364 ad
508 2307 664 2363 monetam
705 2313 830 2359 auream
873 2293 1024 2382 attinet,
1062 2290 1206 2356 videntur
1239 2316 1305 2362 rem
1335 2299 1429 2381 jamra
1460 2303 1617 2359 monetam
1652 2294 1833 2362 Romanam
1864 2294 1925 2360 alia
1958 2279 2024 2360 don

240 2393 243 2402 ’
301 2408 308 2421 ’
424 2399 532 2465 Darici
563 2399 644 2462 inter
673 2397 813 2462 Graecos
846 2396 944 2460 instar
976 2399 1121 2459 monetae
1148 2393 1206 2458 do·.
1239 2397 1313 2478 luit,
1369 2418 1461 2484 qnam
1502 2415 1609 2480 regum
1652 2397 1926 2494 Bosporanorum,
1994 2407 2025 2462 et
2151 2464 2157 2474 ,
2214 2443 2215 2452 ι

423 2500 570 2568 mentione
597 2498 717 2586 accepti
744 2496 855 2575 luisse,
890 2495 1092 2584 expensique.
1148 2496 1206 2562 La·
1232 2499 1414 2566 Persarum·
1469 2495 1522 2564 llli
1542 2498 1694 2566 Romanis
1715 2498 1899 2586 plerumque
1921 2495 2023 2562 obno÷

253 2621 261 2632 ·
323 2689 328 2701 .
383 2609 403 2671 .’
425 2601 633 2682 cedaemonii,
676 2621 745 2666 cum
779 2599 1009 2690 Xenophontis,
1039 2599 1152 2666 milites
1189 2618 1207 2664 a
1241 2602 1286 2668 xii
1322 2603 1439 2681 aureis,
1480 2603 1697 2694 argenteisque
1730 2601 1830 2676 numia
1864 2600 1928 2666 suis
1959 2599 2024 2666 fere

425 2707 502 2789 Cyri
536 2703 741 2793 expeditione
775 2701 900 2769 reducis
939 2701 999 2768 sibi
1038 2699 1208 2788 adjungere
1242 2711 1421 2772 constanter
1457 2705 1655 2796 imperatoris
1687 2703 1804 2770 coaevi
1843 2712 1936 2790 caput
1972 2704 2026 2768 uni

253 2791 259 2798 ’
325 2836 331 2852 ·
423 2811 558 2892 vellent,
599 2810 634 2874 in
661 2808 719 2874 has
750 2805 837 2894 leges
863 2806 963 2894 ivero,
1001 2814 1034 2870 ut
1060 2803 1208 2870 Dacicum
1241 2805 1350 2876 eorum
1371 2807 1470 2889 faciei,
1484 2806 1698 2896 'insculpsere‚
1731 2806 1806 2895 quin
1831 2815 1934 2872 ιιιιιιιι
1961 2805 2023 2870 ersi·

424 2936 518 2982 unum
557 2921 761 2983 menstruum·
784 2907 919 2996 singulis
949 2907 983 2976 iu
1019 2905 1208 2996 stipendium
1242 2905 1379 2992 stimcm,
1409 2912 1442 2978 in
1464 2910 1586 3000 imperii
1607 2911 1778 3001 provinciis
1799 2907 2025 3008 eorumfuisse

405 3018 550 3098 darent,
593 3013 758 3105 praelectis
790 3012 968 3080 cohortium
996 3010 1107 3092 binos,
1152 3009 1207 3075 du·
1242 3032 1331 3080 usum
1359 3015 1559 3100 permissum,
1596 3016 1708 3100 partim
1736 3011 1809 3100 quia
1840 3014 1874 3078 in
1901 3017 2026 3076 moneta

424 3121 513 3184 cibus
559 3114 780 3206 quaternos).
836 3113 998 3208 Frequens
1042 3113 1140 3186 etiam
1171 3112 1209 3176 ιιι
1242 3123 1372 3182 externa
1399 3137 1522 3203 semper
1548 3115 1646 3180 habiti
1678 3114 1777 3191 fuere,
1810 3113 1922 3198 partim
1955 3113 2026 3199 quia
2130 3151 2133 3158 .
2214 3139 2215 3156 ι

425 3205 619 3286 Graecorum
653 3215 840 3282 commercio
869 3214 1098 3293 Cyzicenorum
1123 3231 1208 3306 mern
1242 3222 1351 3283 corn'm
1381 3217 1469 3281 numi
1501 3215 1586 3281 aurei
1614 3237 1633 3280 a
1660 3213 1810 3280 Romame
1841 3210 2026 3279 differebant

424 3323 487 3400 tio,
516 3317 557 3383 de
580 3317 693 3405 quibus
714 3315 832 3401 egimus
854 3311 956 3400 capile
976 3311 1034 3378 IX.
1152 3301 1157 3314 ’
1241 3317 1384 3404 pondere
1406 3326 1437 3382 et
1459 3318 1525 3382 auri
1546 3291 1721 3402 probitate,
1748 3325 1820 3380 nam
1842 3327 1883 3381 ea
1906 3315 2024 3382 electro

400 3483 405 3490 .
512 3421 675 3486 Romanos
702 3424 829 3482 moneta
855 3423 985 3480 externa
1017 3435 1077 3526 pro
1106 3433 1208 3480 meroe
1241 3417 1437 3507 potissimum
1471 3417 1566 3485 luere.
1619 3419 1715 3484 Teste
1748 3418 1988 3506 Procopio‘')
1979 3424 2023 3484 ιιιὲ

425 3544 520 3604 usos,
557 3541 653 3608 supra
674 3541 715 3586 ex
736 3519 841 3586 Plinio
862 3517 1061 3598 diximus,
1050 3538 1088 3582 ae
1107 3515 1206 3610 multo
1242 3521 1339 3588 dulsit
1365 3520 1556 3588 lastinianus
1578 3521 1704 3609 regibus
1731 3519 1876 3605 Francis,
1909 3533 1942 3588 ut
1969 3544 2022 3587 eo·

424 3625 512 3693 istud
539 3623 739 3711 megistum,
773 3625 901 3710 ex'qno
923 3619 1054 3710 primum
1081 3628 1209 3688 moneto
1240 3645 1313 3705 rum,
1344 3633 1470 3692 moneta
1499 3646 1592 3692 aurea
1623 3627 1704 3692 intra
1736 3627 1859 3714 imperii
1888 3626 2022 3692 Romani

426 3737 588 3816 argentea,
626 3717 760 3794 subinde
786 3733 818 3791 et
844 3745 938 3797 aurea
957 3724 1029 3811 lege
1050 3723 1209 3791 ordinaria
1241 3726 1319 3794 fines
1346 3747 1445 3814 aeque
1470 3726 1597 3795 valeret
1648 3727 1746 3808 Quod
1772 3750 1842 3794 cum
1869 3726 2025 3794 indultum

298 3855 303 3862 ·
330 3825 335 3832 ’
425 3833 545 3920 signata
565 3827 632 3897 luit.
687 3829 932 3918 Coepereergo'
957 3836 1022 3894 tum
1047 3827 1133 3894 numi
1154 3849 1208 3894 ex·
1242 3851 1308 3896 non
1332 3829 1440 3910 ιἰιιιιι1
1455 3830 1580 3918 regibus
1613 3832 1790 3908 Persarum,
1826 3828 1885 3892 etsi
1916 3827 2035 3916 probi?

424 3936 500 4016 teri,
537 3933 705 4022 praecipue
730 3933 759 4000 si
777 3931 969 4020 ‘antiquioris
998 3941 1091 4000 notae
1112 3929 1209 4013 luere,
1232 3934 1398 4005 -bcrinon
1419 3934 1611 4023 potuissent,
1640 3932 1832 4022 quominus
1855 3945 1962 3994 aurum
1984 3933 2023 3998 si·

423 4039 457 4106 in
497 4035 626 4104 cimeliis
659 4034 795 4108 baberi.¹
839 4033 955 4102 Narrat
990 4034 1160 4101 Suetonius
1170 4039 1208 4115 ⁰),
1241 4046 1389 4124 gnaram,
1439 4037 1513 4125 quis
1555 4045 1667 4110 tamen
1701 4041 1827 4100 moneta
1870 4051 1963 4114 aurea
2005 4057 2025 4100 a
2085 4023 2087 4028 ’

374 4155 379 4162 ·
415 4141 602 4228 Augustum
651 4140 685 4206 in
723 4137 939 4206 Saurrnslibus
982 4143 1106 4224 praeter
1148 4135 1210 4202 alia
1241 4139 1432 4207 commercio
1454 4161 1523 4208 cum
1545 4133 1697 4205 Romanis
1718 4133 1846 4202 exclusa
1867 4133 1929 4201 sibi
1950 4132 2023 4202 liris·

420 4245 504 4324 ἰιιιὶ
539 4243 663 4330 generis
700 4256 827 4334 munera
862 4239 1007 4308 divisisse
1034 4239 1127 4306 ctiam
1155 4265 1208 4308 nu·
1242 4251 1291 4309 set
1321 4240 1455 4324 inutilis,
1498 4239 1655 4308 malebant
1687 4259 1751 4304 uno
1788 4246 1918 4323 ιιςιιιιο
1953 4257 2031 4320 esse,
2076 4283 2084 4290 -

494 4477 534 4545 ιιι)
553 4478 620 4536 Birt.
637 4479 668 4530 L·
685 4478 728 4534 Vl.
746 4501 766 4532 r.
783 4472 824 4537 ll.
894 4476 926 4546 n)
944 4475 1093 4546 Xenophon
1112 4472 1208 4547 Enped.
1225 4436 1289 4549 Cyri
1305 4475 1334 4529 Ι..
1354 4475 1406 4530 Vll.
1424 4497 1449 4547 p.
1467 4497 1503 4530 nr.
1520 4470 1581 4531 did.
1646 4447 1726 4542 ιιΥιιι
1744 4477 1808 4542 Aug·
1827 4494 1848 4528 c.
1867 4473 1908 4530 75.

394 4559 696 4629 ¹plirrl'err.1·.lll.
715 4587 736 4620 c.
756 4567 795 4624 75·
815 4561 856 4622 76·
926 4561 958 4635 q)
978 4561 1030 4616 nio
1048 4563 1076 4617 b.
1095 4561 1147 4622 tlt.
1164 4564 1180 4630 5
1200 4565 1239 4616 30.
1309 4562 1333 4626 r)
1351 4560 1431 4618 Gom.
1449 4563 1477 4618 L.
1494 4561 1569 4617 lll.c
1597 4563 1639 4614 33.
