4438 5462
869 439 1128 566 clavo
1178 493 1224 564 ι.
1533 539 1594 556 ..
1758 491 1943 604 ιιι·

187 673 189 679 ⁴
242 663 394 728 inanimae
435 661 555 724 formae
599 667 703 724 esseut
746 659 846 740 aurei,
892 651 923 728 ἐι
957 676 1023 720 non
1055 655 1089 718 in
1126 635 1311 744 munuscula
1337 649 1423 716 tenui
1452 650 1583 738 popello
1612 652 1836 733 distribuenda,

243 765 341 835 aenei.
387 761 466 840 Quis
489 761 568 826 enim
591 760 652 826 sihi
673 745 867 848 persuadeat,
891 755 1022 825 Hadria·
1057 775 1112 820 cur
1132 763 1219 821 tonte
1240 751 1393 836 elegantia
1419 747 1572 821 elaborati
1594 766 1680 840 sunt,
1708 775 1747 821 ac
1773 758 1838 845 qui-

243 886 337 950 num.
355 862 536 929 munuscula
567 861 637 926 vilis
673 860 791 927 metalli
824 869 877 930 aut
908 848 1022 944 ¹elergi-
1058 855 1144 937 dem,
1171 866 1206 922 ut
1231 854 1317 943 numi
1344 851 1476 941 duplicis
1503 855 1639 940 metalli,
1659 867 1757 948 stanta
1787 881 1838 924 so·
1871 864 1903 893 ‘¹

178 1013 182 1022 .
244 976 326 1046 tum,
355 975 408 1030 aut
422 946 624 1051 aeceptassei
667 961 745 1042 Vel,
774 962 889 1049 inquit,
917 960 1025 1026 inserti
1057 957 1166 1024 lentie?
1221 956 1319 1022 Forte
1351 976 1417 1022 nou
1450 978 1640 1045 magnopere
1672 957 1779 1041 fallar,
1813 962 1840 1026 si
1911 997 1915 1015 ι

245 1066 339 1134 fuere
365 1068 461 1150 signis
497 1063 708 1156 militaribus,
737 1085 844 1150 quam
867 1067 1023 1147 conjectu·
1057 1059 1267 1139 existimem,
1290 1065 1414 1146 senatus
1451 1060 1634 1129 auctoritate
1668 1059 1838 1128 fabricatos
1873 1076 1900 1129 '.

243 1171 310 1244 ram
332 1167 437 1234 multis
456 1166 614 1252 posthaec
624 1137 769 1230 adrisisse
788 1161 922 1250 sideo¹.)
950 1163 1040 1244 Vel,
1057 1161 1118 1226 hos
1148 1179 1277 1239 numos,
1311 1180 1378 1242 cum
1414 1179 1484 1245 pro
1508 1141 1720 1278 nuper-cteris·
1739 1163 1852 1228 salute.

245 1253 454 1355 prosequitur,
477 1268 587 1352 signati
608 1275 679 1332 sunt
700 1287 793 1331 causa
813 1266 907 1346 festi,-
919 1264 1022 1330 solcu-
1057 1271 1131 1329 vota
1157 1261 1287 1351 publice
1302 1259 1511 1368 conciperet
1518 1264 1584 1330 sive
1612 1285 1704 1329 causa
1726 1263 1837 1330 adven-

247 1371 361 1450 uitah's,
385 1370 625 1455 congiariorum,
649 1367 876 1442 donativorum.
921 1369 1042 1444 Quam
1050 1373 1124 1443 ·,tus
1155 1363 1221 1427 sive
1242 1359 1489 1448 profectionis,
1492 1365 1559 1430 eive
1579 1364 1743 1452 triumphi,
1774 1365 1840 1432 sive

247 1471 396 1568 equidem
415 1481 606 1559 postremam
644 1475 873 1556 conjecturam,
899 1467 1025 1557 quando
1061 1465 1149 1532 annis
1172 1465 1300 1548 singulis
1323 1473 1397 1554 post
1419 1463 1566 1538 kalendas
1580 1467 1840 1548 denominasse

246 1582 358 1640 certam
396 1595 517 1644 causam
550 1595 591 1639 ex
625 1573 781 1640 veteribus
820 1593 952 1638 eruere
946 1567 1027 1636 nori
1062 1567 1249 1632 solennitate
1289 1585 1476 1672 quacunque
1515 1567 1589 1648 alia,
1633 1578 1842 1655 erogatosque

245 1697 426 1764 pessumus,
475 1677 613 1744 omnium
654 1675 787 1740 maxime
829 1672 1027 1766 verisimilem
1061 1668 1241 1757 publicem
1265 1688 1357 1760 omne
1359 1665 1537 1734 hominum
1559 1689 1671 1754 genus,
1701 1691 1737 1734 ac
1768 1689 1840 1754 pro·
1870 1709 1879 1722 -

246 1777 399 1844 existimo.
449 1777 575 1868 Atque
583 1775 624 1840 ad
650 1795 763 1842 alueos
795 1775 881 1859 quod
909 1777 1026 1864 attinet,
1060 1779 1168 1856 pterea
1191 1751 1391 1862 exquisitius
1403 1779 1435 1834 et
1456 1773 1573 1858 majore
1600 1792 1673 1846 cura
1699 1769 1853 1836 elabora·

203 1929 207 1936 -
246 1891 362 1980 certum
390 1887 454 1956 est,
481 1857 584 1961 hujus
601 1876 718 1942 metalli
746 1897 872 1953 numos,
900 1855 956 1942 sed
983 1877 1025 1942 le·
1060 1882 1121 1938 tos.
1171 1872 1328 1948 Quocirca
1356 1881 1424 1936 nou
1450 1873 1574 1952 ιιιιιιιιιι,
1605 1874 1633 1938 si
1660 1873 1749 1940 aenei
1774 1881 1841 1938 tan

219 1969 347 2046 ‘sionis
383 1979 489 2064 utique
525 1975 693 2064 ponderis,
731 1977 826 2044 fuisse
860 1978 940 2044 inter
964 1999 1025 2046 ses
1060 1985 1124 2043 tum
1156 1983 1241 2054 sunt,
1275 1972 1375 2058 quia,
1397 1981 1432 2038 nt
1457 1972 1531 2038 alibi
1558 1953 1736 2056 dicetur,
1726 1997 1759 2040 m
1788 1979 1852 2042 aes-

247 2077 396 2196 missiles,
432 2099 506 2196 quas
539 2099 684 2170 spargere
715 2081 1012 2167 imperatoreos
949 2079 1025 2146 infe·
1059 2085 1177 2152 tantum
1204 2075 1323 2140 senatui
1351 2081 1492 2159 potestas
1513 2073 1584 2157 ipit,
1613 2085 1644 2142 et
1672 2078 1787 2160 omissa
1808 2079 1841 2143 in
1956 2091 1960 2108 “

245 2181 339 2250 ιιοιιι
361 2181 442 2250 aevi
453 2183 485 2248 in
504 2179 662 2268 processu'
684 2181 805 2250 selenni
826 2201 1024 2248 consuevere.
1059 2178 1108 2244 his
1129 2177 1309 2264 plerumque
1329 2175 1450 2242 videtur
1472 2178 1603 2243 notaS.
1628 2179 1679 2260 0.,
1707 2201 1748 2246 ne
1771 2201 1839 2246 cam
1884 2217 1888 2225 ·
1971 2247 1978 2254 ,

245 2283 299 2351 Ait
326 2284 406 2350 enim
433 2263 677 2370 ιιιιιιιιιιιιιιιἫ)
709 2287 774 2356 uota
800 2291 907 2352 aarum
938 2305 1024 2366 spor·
1059 2289 1185 2346 moneta
1204 2288 1320 2344 temere
1342 2280 1549 2348 miscerentur.
1632 2309 1636 2312 ¹

246 2391 319 2470 gire
352 2392 455 2454 domus
486 2393 623 2472 inaperta,
662 2395 714 2454 oui
748 2391 818 2453 soli
836 2393 923 2454 ιιίαιιι
958 2409 1024 2450 eoa·
1068 2453 1073 2458 ,
1145 2381 1344 2448 ARomanls
1366 2379 1450 2446 hunc
1468 2403 1587 2458 morem
1610 2348 1755 2452 videntur
1774 2395 1838 2451 tra·

245 2500 370 2576 temnere
400 2502 536 2572 premier
558 2490 708 2572 fenenne
726 2491 900 2573 fastigium.
967 2490 1024 2552 Ar·
1059 2484 1145 2550 xisse
1173 2484 1291 2552 Graeci.
1339 2483 1463 2548 Etenim
1498 2483 1650 2565 observo,
1685 2485 1840 2554 Hadriani
1920 2525 1928 2542 .

225 2597 393 2680 'smum
399 2615 482 2670 ooo,
513 2598 599 2677 qued
619 2615 687 2658 mos
716 2605 787 2675 post
817 2611 923 2658 aarum
957 2611 1025 2673 pre·
1060 2584 1152 2650 etiam
1185 2594 1285 2651 aetate
1322 2584 1405 2702 apud
1439 2586 1499 2652 hos
1532 2588 1683 2658 maximae
1722 2587 1841 2656 formae
1872 2625 1897 2682 '.
2000 2661 2004 2668 ‚

248 2699 432 2762 hoseumont
461 2706 518 2771 est,
554 2707 582 2760 et
617 2691 685 2760 aliis
719 2695 884 2760 connuhio
918 2696 1030 2775 largiri
1061 2709 1177 2754 aeneos
1199 2675 1283 2758 feriri
1306 2687 1486 2772 coepisse.
1491 2689 1634 2768 Observp
1650 2692 1751 2774 eham,
1772 2714 1858 2778 pen,
1910 2759 1913 2767 Δ

174 2858 178 2867 ,
249 2799 361 2861 decem.
409 2793 444 2856 Si
471 2794 598 2877 majoris
623 2778 708 2860 fuere
734 2792 900 2881 ponderis,
937 2813 1027 2880 quam
1057 2790 1172 2868 iude'
1163 2781 1196 2858 ui
1220 2788 1273 2856 his
1297 2797 1415 2856 tantum
1448 2811 1556 2855 causas
1587 2791 1763 2906 religionis,
1795 2793 1845 2860 lu

251 2901 286 2956 ut
317 2889 477 2956 missilium
508 2913 577 2960 asse
607 2894 701 2960 loco
699 2895 920 2980 potuissent,
917 2893 1028 2980 digna
1061 2892 1235 2985 donumque
1257 2914 1293 2958 ac
1313 2893 1426 2958 rituum
1443 2911 1601 2958 sacrorum
1617 2892 1681 2976 agi.
1700 2893 1758 2957 Sic
1771 2913 1840 2958 eum

252 3001 337 3060 certe
358 2991 444 3060 luere
465 3014 530 3074 res,
561 3014 622 3080 qua
647 2995 804 3084 principes
830 2985 955 3062 suorum
976 3005 1029 3062 aut
1060 2997 1171 3077 Iones,
1204 2993 1351 3074 Bithyni,
1380 2990 1522 3057 Thraces
1546 2991 1779 3080 convenissent,
1808 3001 1841 3058 ut
1890 3017 1896 3026 ·
1943 2981 1970 3016 ’·

249 3091 358 3174 iidem,
397 3104 449 3162 aut
478 3097 679 3184 quaecamque
707 3085 768 3163 aliia
795 3097 905 3170 merita
929 3115 1027 3164 remu·
1060 3098 1155 3168 rebus
1177 3095 1243 3164 suis
1263 3097 1295 3160 in
1318 3110 1481 3161 commune
1508 3093 1736 3174 consulerent,
1749 3091 1840 3170 offer·
1956 3129 1962 3136 ·

248 3205 443 3279 uererentur,
481 3199 537 3296 qui
577 3219 644 3266 uros
683 3195 841 3288 hodieque
881 3201 914 3266 iu
953 3200 1027 3271 viris
1060 3210 1191 3287 rentque
1222 3197 1373 3266 sacrificis
1404 3215 1464 3283 pro
1495 3191 1614 3282 patriae
1644 3194 1759 3278 salute,
1801 3218 1841 3264 eu

247 3300 437 3388 prmeipihus
472 3299 600 3371 obtinet.
659 3301 743 3381 Quin
775 3312 879 3368 narrat
908 3303 1027 3389 Grego-
1061 3303 1118 3370 tibi
1144 3323 1256 3368 numos
1286 3299 1411 3379 maximi
1439 3297 1559 3366 moduli
1583 3319 1651 3364 cum
1673 3297 1842 3386 epigraphe

246 3402 310 3468 rius
337 3403 545 3495 Turonensis,
581 3403 792 3492 chilpericum
827 3425 934 3495 regem
965 3405 1030 3484 ¹sihi
1061 3403 1248 3470 KOINON.
1274 3389 1894 3496 1ΩΝΩΝ.ιιιΒΙΘΤΙιΙΛιιιιιδ

183 3537 190 3558 .
249 3503 424 3569 ostendisse
459 3525 569 3572 numos
599 3527 710 3573 aurcos
738 3505 842 3574 librae
874 3504 1028 3593 pondere,
1065 3497 1268 3572 ΘΡΑΚΩΝ.
1297 3510 1340 3574 At
1355 3504 1531 3590 cumprimis
1549 3503 1610 3572 huc
1627 3502 1743 3574 iaciunt
1758 3503 1843 3572 numi

251 3623 333 3690 qnos
360 3601 408 3667 illi
438 3602 524 3672 dono
557 3609 681 3678 miserat
710 3607 760 3673 Ti.
787 3608 1027 3689 Constantinus,
1062 3607 1297 3696 Philippopolis
1327 3603 1492 3698 Thraciae:
1521 3604 1709 3672 KOINON
1737 3605 1842 3672 effl-

247 3705 292 3787 is,
328 3705 380 3792 qui
411 3704 534 3772 Justino
568 3707 608 3774 11.
640 3719 842 3802 successerat,
879 3711 912 3778 in
942 3715 1029 3796 cujus
1063 3709 1174 3778 ΚΩΝ.
1203 3711 1301 3780 ΑΛΕ
1303 3707 1550 3781 ΞΑΝΛΡΕΙΛ.
1578 3707 1743 3772 ΠΤΘΙΑ.
1773 3704 1843 3775 ΕΝ.

249 3827 312 3876 uua
336 3813 426 3896 perte
454 3818 520 3876 erat
545 3811 612 3893 ειιιι
639 3797 832 3895 imperatoris
866 3812 1028 3898 inscriptio
1066 3807 1422 3890 ΦΙΛΙΠΠΟΠΟΛΙ,
1460 3807 1543 3874 unde
1573 3804 1779 3888 doeemur,
1770 3808 1842 3874 rusi·
1929 3842 1934 3853 ·

124 3997 132 4008 Ι
248 3919 281 3978 et
314 3919 421 3997 caput,
460 3909 495 3976 in
530 3909 642 3976 altera:
679 3909 846 3980 urnula
886 3912 1050 3980 ROMA?
1064 3933 1140 3998 gaes
1162 3911 1223 3978 hos
1245 3912 1373 3978 maximi
1392 3909 1513 3977 moduli
1535 3927 1646 3976 numos
1661 3926 1728 3971 non
1746 3905 1842 3974 hrisse

249 4009 428 4101 NORUM,
473 4020 531 4082 et
528 4021 660 4100 typus.
714 4001 899 4100 quadrigae
925 4015 1029 4080 trium·
1064 4016 1222 4101 signatos,
1251 4023 1285 4082 ut
1307 4024 1412 4080 essent
1432 4019 1575 4079 monetae
1598 4007 1773 4075 ordinariae
1793 4005 1840 4073 lo·

251 4113 359 4200 phales
376 4119 413 4196 ¹.)
476 4111 526 4178 De
569 4114 698 4180 aeneis
718 4115 869 4182 maximae
912 4114 1034 4188 formae
1064 4138 1115 4198 co,
1158 4115 1215 4182 sed
1247 4115 1414 4182 occasione
1445 4115 1506 4182 acti
1531 4113 1578 4180 ihi
1610 4117 1783 4180 conventus
1814 4120 1846 4178 et

254 4213 406 4282 difficilius
433 4209 593 4300 judicium.
647 4217 683 4282 Si
716 4217 798 4284 anim
831 4219 963 4286 cessisse
995 4220 1029 4283 in
1062 4215 1226 4304 ludorumq
1265 4235 1332 4280 non
1364 4215 1445 4282 enim
1483 4215 1664 4302 inscriptum
1699 4222 1747 4281 cst
1781 4213 1846 4280 ‹hl-

254 4335 378 4390 munera
402 4315 553 4399 dieamus,
585 4337 640 4384 cur
658 4325 712 4386 'cx
739 4320 795 4422 pti
825 4319 971 4388 metallo?
1001 4321 1028 4384 si
1062 4315 1457 4394 ΛΙΠΙΙΟΠΟΛΙΊῺΝ,
1492 4313 1550 4382 sed
1585 4305 1651 4380 ΕΝ
1686 4314 1845 4383 ‹ufarm-

320 4527 734 4614 μιιιῃιιιιιηριιι
803 4505 1152 4626 massmannum.
1222 4528 1393 4602 Μιιιι
1395 4537 1481 4590 ..·s

285 4633 410 4702 (nott)
