4472 5472
362 887 423 989 De
450 927 575 988 aetate
597 869 800 988 numerurm
826 912 1054 1012 definienda,
1097 895 1278 1011 odrri‘sqrre
1303 861 1407 982 soreii
1430 921 1570 996 amate,
1604 872 1767 1018 leaeque
1809 864 1837 936 ὐ

932 1045 1026 1120 ertis
1057 1043 1193 1117 canem.
1281 1103 1284 1110 .
1350 1125 1359 1162 ι

222 1291 226 1300 ‚
270 1235 371 1331 Varii
398 1271 470 1330 sunt
490 1261 592 1346 modi,
626 1261 679 1348 qui
709 1259 839 1344 docent,
872 1259 914 1326 de
939 1279 1049 1332 numo·
1084 1255 1202 1350 ptionis
1225 1239 1366 1338 modus,
1411 1277 1448 1324 ae
1479 1229 1639 1327 literarum
1662 1260 1778 1347 forma,
1821 1267 1865 1336 fg.

269 1357 338 1434 ‘rum
359 1375 460 1433 aetate
480 1374 564 1442 reete
584 1386 621 1430 ao
642 1363 749 1432 sobrie
772 1363 923 1430 arbitrari.
972 1360 1050 1426 Non
1084 1357 1189 1437 briea,
1234 1379 1297 1444 quo
1343 1358 1470 1454 nomina
1513 1360 1713 1450 intelligimus
1756 1389 1865 1438 musas

222 1547 229 1553 ¹
269 1469 387 1556 agimus
412 1463 465 1534 hie
492 1467 533 1534 de
558 1457 618 1549 iis,
658 1469 713 1554 qui
739 1489 796 1554 per
826 1476 925 1532 certae
956 1473 1049 1529 notas
1085 1459 1191 1546 operis
1219 1469 1364 1526 externas
1393 1483 1412 1526 a
1438 1462 1617 1540 mechanica
1634 1459 1771 1554 'petitas,
1812 1472 1865 1540 de.
1982 1461 1986 1475 '

268 1567 509 1656 chronologicas
546 1591 634 1636 suam
676 1569 737 1658 ipsi
777 1578 907 1636 aetatem
941 1575 1050 1658 suapte
1084 1562 1177 1648 nique
1204 1562 1349 1648 picturae·
1371 1562 1476 1644 stilus,
1521 1587 1584 1652 quo
1616 1571 1773 1646 venabulo
1799 1579 1866 1660 jam

226 1665 228 1667 ¹
266 1671 459 1753 edisserunt,
501 1670 679 1758 eujusmodi
706 1679 779 1736 sunt
806 1668 948 1755 inseripti
975 1688 1049 1754 epo·
1083 1673 1225 1757 raeepto⁸
1239 1663 1411 1732 indicamus
1445 1667 1777 1758 circumseriptionem,
1814 1697 1865 1763 ge
1914 1698 1935 1760 j
1969 1745 1977 1766 x

267 1775 344 1856 eliae
371 1775 462 1856 anni,
500 1796 580 1860 quae
605 1773 685 1840 ratio
707 1773 902 1850 ‘certissimm
940 1769 1049 1836 saltem
1083 1777 1181 1850 stum,
1201 1767 1356 1849 habitum,
1379 1766 1557 1858 cultumque
1580 1772 1755 1858 signorum,
1787 1799 1866 1866 quae

267 1885 349 1958 tum,
386 1895 456 1940 eum
489 1874 530 1940 de
559 1878 626 1959 ejus
657 1873 792 1942 exordio
824 1879 964 1956 constat,
998 1871 1049 1936 rel
1084 1868 1189 1934 omnia
1219 1870 1303 1935 veria
1339 1879 1454 1953 aetate,
1499 1874 1655 1962 variisque
1689 1877 1770 1946 loeis
1804 1902 1866 1946 ms.

180 1997 189 2008 ·
269 1977 407 2062 efligies,
452 1985 504 2044 aiut
545 1975 656 2042 saltem
699 1995 815 2040 nomen
851 1973 950 2059 regis,
998 1983 1050 2039 aut
1083 1993 1223 2058 gnopere
1263 1969 1388 2038 differre
1430 1983 1503 2040 sunt
1543 1989 1711 2066 comperta
1777 1981 1867 2049 Haeo
1922 2051 1926 2058 ξ

270 2099 459 2167 quoeunque
485 2079 612 2144 nomine
637 2079 830 2166 imperantis,
871 2077 943 2164 quia
975 2083 1048 2142 tem·
1086 2071 1211 2162 quidem
1260 2073 1440 2142 discrimine.
1481 2087 1590 2166 suapte
1623 2103 1703 2148 sese
1740 2083 1890 2152 *homini*
1921 2103 1928 2114 “

269 2203 346 2269 pus,
379 2203 441 2268 quo
463 2182 667 2270 principatum
689 2191 833 2260 tenuere,
869 2178 1062 2278 plerumque
1084 2175 1252 2242 traetandis
1296 2176 1397 2242 numia
1441 2177 1571 2248 adsueto
1616 2181 1765 2268 offerunt,
1808 2186 1867 2254 sed
1940 2217 1945 2225 ·

269 2305 310 2350 ex
334 2284 469 2350 historia
492 2284 598 2350 antica
624 2292 740 2352 eertum
761 2292 918 2363 tenemus,
956 2302 1051 2368 quan·
1086 2280 1158 2364 quia
1180 2279 1303 2364 longius
1325 2279 1409 2350 istud
1430 2289 1557 2368 tempus,
1571 2285 1727 2370 postulat,
1764 2295 1866 2377 neque
1962 2351 1967 2358 .

267 2407 359 2474 quam
398 2387 430 2452 in
460 2385 520 2450 hee
548 2397 636 2474 parte
662 2385 808 2452 cautione
835 2404 934 2472 opus,
980 2383 1051 2469 quia
1085 2381 1230 2452 omnibus
1260 2381 1301 2448 ad
1330 2403 1437 2448 musea
1458 2383 1620 2454 liberalius
1641 2389 1791 2456 instructa
1812 2390 1866 2458 ad·

266 2487 352 2556 fuere
389 2489 562 2577 principes,
607 2489 719 2576 quibus
759 2496 848 2574 grata
882 2485 1049 2573 posteritas
1083 2482 1144 2550 itus
1178 2494 1279 2572 patet,
1315 2494 1350 2550 ut
1385 2487 1632 2572 experimentum
1664 2513 1776 2580 erpere
1805 2494 1866 2580 ipsi

226 2579 229 2584 ¹
269 2589 321 2658 diu
348 2601 425 2679 post
452 2612 560 2658 eorum
587 2601 719 2668 mortem
747 2610 860 2656 numos
884 2587 1050 2668 dedicavit,
1084 2587 1227 2674 possint,
1259 2585 1300 2652 ad
1330 2589 1435 2674 operis
1458 2591 1519 2656 mei
1539 2592 1713 2662 institutum
1733 2596 1866 2682 pertine

268 2709 326 2758 ceu
342 2693 482 2775 Geloni,
504 2693 654 2774 Hieroni,
676 2691 859 2759 Alexandro
876 2689 944 2774 ut,
965 2689 1049 2756 Julio
1084 2711 1119 2754 re
1134 2690 1261 2776 putavi,
1293 2687 1475 2756 utilissimae
1502 2691 1593 2777 hujus
1620 2694 1798 2777 doetrinae,
1836 2707 1867 2763 et

270 2795 411 2875 Caesari,
446 2804 482 2864 ut
510 2795 543 2859 in
571 2794 762 2879 singulorum
789 2795 890 2860 numia
922 2794 1050 2870 dicetur
1084 2791 1126 2858 ad
1168 2789 1280 2858 multas
1311 2811 1427 2880 =sarisas
1471 2793 1651 2878 profuturae
1686 2801 1874 2885 proponere*

269 2895 385 2960 Verum
406 2896 525 2981 agimus
547 2895 611 2961 heo
631 2895 706 2962 loeo
729 2895 769 2962 de
790 2896 891 2962 nuruis
905 2898 966 2986 iis,
997 2895 1050 2984 qui
1083 2901 1265 2980 praecepta,
1318 2913 1398 2979 quae
1441 2890 1539 2980 longo
1575 2905 1720 2965 monetae
1749 2901 1864 2966 veteris

163 3017 170 3027 ·
269 3006 402 3085 utroque
430 2997 494 3064 hoe
514 2997 656 3066 subsidio
680 2998 720 3065 ad
741 2997 947 3068 deliniendam
969 3009 1049 3066 seta·
1083 3015 1141 3069 usu
1176 2994 1250 3060 satis
1285 3015 1381 3060 arne
1408 2995 1626 3083 comprobata,
1670 2999 1864 3068 confirmata·

266 3109 328 3168 tem
357 3107 443 3188 auam
478 3111 597 3184 carent,
633 3123 695 3188 qna
728 3099 844 3168 indole'
866 3101 1048 3190 plerumque
1082 3120 1143 3187 que
1164 3096 1316 3182 intelligo.
1396 3182 1400 3192 „

265 3211 337 3270 sunt
363 3203 449 3270 numi
475 3202 538 3287 illi,
573 3225 654 3293 quos
690 3218 861 3272 ouwnomos
890 3224 1047 3270 vocamus.
1148 3199 1336 3266 ¹Enimvero
1364 3199 1606 3284 Barthelemius‚
1647 3203 1682 3270 in
1711 3203 1775 3270 lroe
1797 3200 1864 3276 ¹stir-

265 3305 307 3370 Et
338 3315 440 3374 tamen
466 3307 626 3395 permagni
652 3307 783 3375 interest
811 3308 879 3375 sire
905 3305 946 3371 ad
972 3307 1047 3372 artis
1082 3303 1204 3374 diorum
1239 3292 1355 3390 genere
1384 3323 1506 3389 semper
1542 3325 1611 3370 eum
1646 3305 1771 3373 honore
1807 3327 1864 3373 no·

268 3409 379 3474 ueteris
409 3408 585 3488 historiam,
621 3409 687 3478 sive
707 3411 793 3478 alias
826 3425 952 3490 causas,
989 3409 1047 3474 etsi
1080 3404 1260 3488 mirandus,
1305 3415 1377 3473 ante
1418 3426 1520 3473 annos
1563 3407 1740 3496 complures
1777 3429 1869 3502 argu·¹
1921 3435 1924 3443 ·

267 3527 334 3574 non
364 3509 556 3596 proximum,
581 3518 702 3578 tamen
737 3510 844 3600 quoad
874 3514 943 3596 ejus
981 3510 1048 3576 fieri
1080 3517 1216 3576 mentum
1241 3508 1329 3574 istud
1356 3509 1461 3596 eoepit
1485 3518 1619 3578 traemre
1646 3511 1730 3580 edita
1749 3512 1864 3600 insigni
1969 3527 1979 3534 ·

265 3609 399 3706 poterit,
441 3611 653 3698 propinquum
695 3625 936 3682 autonomorum
972 3621 1047 3680 tem·
1082 3609 1330 3692 dissertatione,
1353 3633 1445 3699 quam
1472 3612 1566 3680 mear
1593 3614 1681 3687 rimie
1706 3615 1864 3702 pattogra·
1908 3667 1919 3678 .

263 3733 323 3801 pus
354 3711 509 3796 indicare,
534 3713 711 3803 ‚praecipue
736 3701 814 3782 eum'
831 3717 911 3784 haee
936 3737 1046 3782 numo·
1077 3717 1148 3798 pide
1195 3720 1416 3800 numemetrtpue
1461 3714 1620 3801 inscripsit
1628 3717 1665 3800 ⁸).
1731 3717 1864 3784 Patebat

263 3835 333 3882 rum
380 3813 491 3883 elassis
534 3814 716 3902 antiquitate
756 3815 894 3904 reliquas
938 3839 1046 3886 omnes
1080 3819 1239 3885 materiam
1281 3811 1420 3882 omnem'
1443 3815 1563 3884 duabus
1600 3817 1740 3902 partibus
1778 3841 1863 3885 eom·

265 3917 437 3984 anteoellat.
856 3967 861 3974 .
891 3933 897 3945 ’
1080 3921 1195 4010 pleeti,
1230 3939 1358 4008 quarum
1384 3919 1484 4006 prima
1511 3929 1616 4003 ageret
1637 3918 1677 3986 de
1698 3937 1863 4008 prunorum

240 4069 244 4076 .
348 4021 435 4106 Ergo
449 4083 456 4102 ,
470 4017 696 4113 Ι(ἱείίοίωιῖὶδιιιι
738 4020 830 4088 eertie
873 4029 1046 4109 temporum
1079 4022 1212 4102 fabrica,
1252 4017 1394 4104 metallo,
1436 4019 1596 4108 pondere,
1640 4019 1861 4107 magnitudine,

266 4117 386 4188 indiciis
432 4120 636 4190 advocandae
678 4120 764 4209 leges
812 4119 928 4205 aliae,‘
968 4145 1048 4213 quae
1080 4125 1182 4194 forma
1207 4123 1380 4204 literarum,
1424 4133 1457 4189 et
1481 4133 1590 4191 natura
1616 4133 1779 4212 typorum,
1817 4123 1861 4190 al·

265 4221 389 4309 possint
421 4222 627 4292 desideratam
666 4224 775 4292 aetatis
809 4224 1046 4314 intelligentiam
1079 4237 1146 4296 tera
1178 4246 1253 4314 pars
1287 4227 1321 4304 in
1353 4232 1495 4310 naturam
1525 4235 1669 4294 monetae
1700 4225 1796 4296 variis
1827 4226 1862 4292 in

234 4320 473 4410 suppeditare.
528 4327 616 4394 Sunt·
630 4347 705 4394 vero
727 4327 901 4414 nietallum,
935 4329 1045 4397 inseri·
1078 4328 1262 4417 regionibus
1294 4327 1434 4416 signatae
1464 4329 1634 4416 inquireret
1661 4327 1751 4398 initio
1777 4327 1860 4396 laeto

312 4559 358 4626 ‚a
383 4559 723 4643 unnutnpso.
808 4571 811 4574 ·
978 4621 980 4628 ,
1618 4597 1620 4608 .

693 4671 737 4736 Ι,
1065 4673 1068 4676 ·
1598 4665 1648 4732 r2
