4432 5482
711 521 712 524 ,
796 439 1316 572 cumeunra‘
1749 449 1855 528 121]

228 595 372 714 Graecis,
400 647 441 698 an
468 621 597 706 contra?
640 620 871 692 Hancurvillius
893 641 1006 689 numos
1042 639 1160 698 summe
1197 615 1310 684 doctas
1344 617 1491 702 Ignarus,
1534 633 1727 704 nequaquam
1762 612 1819 682 do-

56 801 60 809 .
224 722 453 814 Crruraemum,
509 729 698 816 aliarumque
747 726 914 791 vicinarum
957 743 1006 788 ur·
1025 722 1157 790 cuisset
1177 723 1217 799 ⁰),
1254 740 1365 786 numos
1395 718 1563 804 inscriptos
1589 709 1824 784 8121?an
1916 731 1933 812 ι·

98 861 101 864 ·
225 838 312 906 bium
336 839 433 911 Osce,
461 831 528 900 sive
549 832 681 898 Etrusce
701 828 884 913 inscriptos,
907 825 1007 908 signa·
1042 845 1112 900 esse
1139 822 1328 910 antiquiores
1354 819 1456 886 numis
1484 819 1610 884 nomine
1630 818 1822 888 Posidonius
1923 833 1946 904 .ζ
2004 835 2008 848 ’

226 949 279 1022 tos
301 937 419 1004 adserit
441 933 539 1004 multo
561 944 647 1024 aute,
675 952 766 1018 quam
787 930 892 1014 lingua
913 928 1007 992 Grae·
1042 925 1172 1012 notatis,
1217 945 1288 990 nam
1317 930 1469 1008 utrosque
1501 914 1614 990 numos
1634 922 1731 996 vario
1745 931 1821 988 tam·
1882 931 1886 938 “

114 1073 122 1082 ·
228 1063 266 1107 ca
291 1039 325 1104 iu
352 1037 551 1123 Campaniam
581 1041 664 1100 esset
693 1027 823 1098 inve'cta.
873 1024 944 1094 Ex
946 1047 1009 1111 quo
1043 1036 1123 1114 pore
1156 1025 1240 1112 apud
1273 1024 1354 1092 hauc
1390 1023 1500 1088 urbem
1531 1025 1669 1108 signatos
1695 1016 1821 1106 statuit,

228 1141 327 1220 effici,
356 1139 470 1226 inquit,
499 1158 610 1202 numos
632 1143 742 1212 notos,
770 1131 872 1218 quir
847 1109 1010 1196 Crumerum
1045 1129 1091 1193 sic
1116 1137 1151 1192 ut
1179 1119 1216 1192 eri
1237 1126 1328 1204 urbs,
1361 1145 1430 1190 curn
1451 1124 1537 1192 illam
1559 1125 1661 1191 adhuc
1681 1131 1823 1192 tenerent

230 1253 261 1312 et
288 1239 409 1309 Literni
436 1239 563 1304 nomina
588 1236 686 1303 literis
713 1234 853 1300 Etruscis
882 1233 1010 1314 currjrrn·
1038 1227 1222 1315 Tyrrheni,
1279 1225 1431 1292 diceretur
1473 1229 1657 1307 Pinarium,
1708 1226 1826 1307 deiude
1871 1249 1873 1256 ’

228 1354 319 1432 gunt,
351 1349 552 1412 monumenta
583 1359 652 1403 esse
677 1335 837 1424 potentiae
863 1332 1010 1396 Etrusco·
1044 1330 1094 1395 his
1125 1351 1145 1396 a
1175 1327 1330 1409 Sybaritis
1361 1327 1478 1392 exauda
1512 1330 1631 1416 Graece
1657 1331 1842 1402 Poeuoma-
1895 1371 1902 1382 -
2011 1373 2017 1380 -
2048 1293 2052 1302 ⁴

228 1465 306 1523 rum,
329 1452 361 1510 et
381 1435 475 1508 crisos
498 1463 538 1506 eo
560 1451 710 1525 tempore,
733 1457 796 1524 quo
818 1434 883 1500 hi
874 1453 906 1498 Μ
924 1433 1011 1498 ΟΜΜ·
1045 1433 1113 1512 Ecs
1139 1429 1280 1517 appello,
1313 1430 1367 1516 qni
1392 1447 1433 1492 ex
1455 1428 1552 1516 longo
1574 1447 1631 1497 usu
1654 1429 1694 1496 de
1715 1452 1822 1498 numo·
1852 1503 1882 1528 ,1
1948 1521 1951 1530 ,

227 1565 331 1632 pauca
358 1543 615 1623 dominabantur,
649 1550 683 1605 ct
714 1539 867 1626 probare,
900 1544 1012 1600 utram·
1046 1555 1114 1598 rum
1157 1532 1242 1598 varia
1284 1531 1465 1616 antiquitate
1508 1532 1747 1610 confidentius
1748 1555 1823 1622 pos·

230 1667 291 1768 que
300 1646 435 1712 urbem
457 1645 629 1724 exstitisse,
662 1648 826 1731 antequam
848 1622 1013 1702 Euboean·
1047 1644 1121 1700 sunt
1145 1633 1303 1712 arbitrari,
1330 1632 1474 1698 ausurine
1495 1634 1557 1700 sint
1577 1644 1740 1722 argenteos
1762 1636 1823 1718 hus

161 1750 165 1763 ’
230 1769 282 1816 ses
308 1749 342 1814 in
369 1747 490 1816 ltaliam
518 1743 719 1831 appellerent.
769 1740 859 1804 Haec
878 1739 926 1802 uir
947 1757 1014 1801 eru·
1047 1734 1191 1801 numulos
1213 1738 1279 1801 sive
1300 1737 1446 1814 Etrusca,
1469 1737 1534 1802 sire
1550 1738 1635 1803 Osce
1654 1739 1826 1832 inscriptos

232 1849 369 1932 ditus‘.)
411 1845 673 1912 Euboeeusium
663 1864 696 1906 m
711 1841 800 1906 *hane
821 1861 908 1904 orarn
930 1859 1012 1904 ΜοΜ·
1047 1837 1148 1901 nuruis
1173 1835 1236 1906 illis
1263 1838 1484 1924 antiquissimis
1506 1839 1644 1922 incusis,
1671 1848 1703 1906 et
1723 1843 1822 1906 nunri-

218 1947 418 2067 'migratio
408 1967 442 2012 ru
478 1957 621 2032 tempora
631 1945 786 2028 Trojana
812 1939 937 2020 incidit,
980 1947 1014 2004 ut
1047 1959 1087 2002 ne
1116 1935 1233 2004 HOM.
1258 1939 1292 2004 id
1321 1950 1384 2005 est·
1427 1942 1618 2018 Pundmn'ue,
1651 1942 1824 2028 insignibus
1851 1949 1856 1971 ⁶
1883 1977 1888 1996 .

233 2052 305 2139 ipse
326 2071 367 2116 err
383 2047 521 2132 Vellejo
537 2047 671 2112 conficit
719 2041 901 2110 Sedenim
898 1988 1012 2106 uiuitis
1047 2037 1221 2126 praeferre?
1286 2042 1513 2145 Guarnaccius,
1561 2044 1615 2130 qui
1657 2047 1824 2130 generatim
1881 2043 1883 2051 ⁴

236 2149 464 2218 conflictabitur
509 2145 758 2226 difficultatibus,
807 2145 834 2210 si
876 2143 1014 2236 probare
1049 2161 1172 2227 quoque
1193 2162 1304 2209 numos
1326 2121 1490 2213 Etruscds
1497 2146 1662 2244 Osccsque
1682 2157 1819 2233 praesta·
1871 2145 1873 2150 ’

235 2251 395 2330 institerit,
429 2249 514 2337 quod
547 2248 745 2336 probandum
777 2255 843 2324 erat
870 2245 1013 2324 maxime,
1047 2263 1082 2308 re
1116 2242 1243 2316 Graecis
1277 2253 1378 2310 aetate
1409 2245 1527 2326 sarsit,
1550 2261 1745 2335 comparatu
1766 2269 1824 2316 nu·
1869 2251 1873 2258 '

235 2375 273 2420 ea
288 2357 355 2438 jam
377 2359 478 2416 aetate
498 2359 644 2416 monetae
664 2364 753 2422 usum
779 2347 890 2427 tuisse,
922 2356 1014 2431 atque
1049 2366 1101 2409 rrro
1130 2341 1318 2411 Herculanei
1346 2347 1498 2437 inscripto
1525 2348 1657 2416 Etrrrsce
1678 2345 1826 2418 HRCVL
1872 2363 1880 2381 ⁸

235 2455 327 2522 etiam
358 2474 427 2518 cum
459 2451 522 2518 hoc
556 2451 751 2540 probauerit,
785 2447 907 2546 urgebit
937 2446 1015 2512 diffi-
1050 2467 1118 2511 curn
1147 2440 1290 2514 Graecis
1344 2448 1483 2533 ejusdem
1537 2451 1623 2518 urbis
1670 2453 1825 2539 inscriptis

237 2555 335 2622 cultas
361 2553 430 2620 alia
464 2573 560 2656 aeque
593 2553 709 2640 grauis,
744 2552 825 2617 sitne
854 2548 1014 2629 credibile,
1048 2548 1358 2628 ΗΡΑΚΛΗΙΩΝ,
1381 2551 1468 2616 illurn
1490 2547 1540 2616 his
1562 2553 1661 2619 multo
1682 2563 1753 2639 essa
1773 2563 1825 2620 an-

237 2655 379 2770 potuisse
407 2653 447 2720 ad
473 2664 611 2718 nestram
632 2675 731 2740 nsque
751 2663 882 2719 aetatem
905 2649 1016 2716 durare
1048 2649 1214 2735 tiquiorem
1248 2647 1434 2729 adseruit‘.)
1498 2652 1544 2716 Vt
1575 2655 1715 2734 mittam,
1742 2623 1827 2720 lrune
1923 2721 1938 2733 „

238 2756 308 2822 aeui
350 2763 413 2820 tam
454 2755 565 2820 remoti
603 2765 808 2842 monumenta.
876 2753 1016 2868 Denique
1050 2771 1139 2815 suum
1176 2771 1300 2814 numum
1335 2752 1499 2816 Etruscum
1534 2755 1729 2820 verisimilius
1759 2775 1826 2830 non

239 2858 309 2946 ipsu
352 2876 514 2960 pumorurn
557 2853 688 2936 fabrica,
733 2877 819 2942 quae
846 2856 879 2920 irr
915 2854 1016 2920 nuruis
1051 2873 1120 2916 esse
1155 2849 1359 2930 Herculanei,
1392 2860 1425 2915 ut
1458 2850 1498 2916 ad
1530 2851 1612 2917 hanc
1636 2827 1828 2940 Carnpaniae

131 2949 134 2958 ’
241 2939 371 3024 Graecis
414 2957 538 3045 Capuae
577 2966 609 3021 et
644 2957 807 3022 Cumarum
849 2955 1016 3022 remotissi-
1051 2953 1158 3018 urbem
1187 2952 1331 3040 proxime
1359 2953 1552 3030 monuimus,
1588 2955 1672 3021 istud
1686 2967 1826 3042 curtum,

239 3072 321 3126 muru
344 3077 452 3129 aarum
474 3057 570 3145 sapit,
604 3057 706 3123 nuruis
730 3057 838 3138 Oscis,
873 3079 910 3124 ac
930 3078 1018 3145 prae·
1051 3075 1163 3119 numos
1200 3055 1356 3132 Graecos,
1394 3075 1474 3141 quos
1504 3054 1623 3137 laudat,
1653 3058 1836 3178 inscriptos

241 3159 331 3246 cipue
375 3158 532 3228 Nuceriae
574 3167 615 3236 et¹
640 3159 832 3244 Teanitper
869 3180 1018 3225 summam
1051 3156 1363 3235 ΗΡΑΚΛΗΙΩΝ,
1402 3157 1441 3222 ab
1474 3158 1661 3223 omnibus
1650 3162 1829 3246 rrrsignioria
1866 3211 1872 3216 -
1921 3185 1942 3202 ‘·
2020 3163 2022 3170 ⁴

240 3251 422 3346 elegantiam
464 3259 639 3327 Alexandri
680 3259 729 3324 Μ.
773 3281 850 3338 aevo
894 3259 1018 3344 dignam
1052 3268 1146 3322 umes
1185 3258 1365 3345 antiquariis
1403 3257 1497 3354 tribui
1530 3258 1700 3340 Heracleae
1732 3263 1829 3334 Luca·
1900 3289 1907 3332 ᾳ

240 3361 339 3436 multu
376 3363 529 3430 recentius
561 3361 663 3447 palam
689 3361 890 3439 testantibus,
924 3361 1019 3426 ubun-
1052 3359 1138 3438 niae,
1170 3359 1278 3426 saltem
1312 3382 1332 3426 a
1362 3355 1486 3431 nemine
1515 3359 1714 3430 Herculaneo
1741 3368 1828 3432 Carn-

224 3456 285 3524 'da
305 3457 409 3572 dccet,
432 3482 452 3527 a
472 3461 575 3545 lingua
596 3463 718 3526 Graeca
741 3462 774 3527 in
791 3451 905 3528 Osc‘am
928 3461 1020 3550 delle·
1053 3461 1173 3547 paulae.
1224 3461 1327 3529 Nemo
1354 3462 1449 3555 velim
1469 3462 1612 3542 miratur,
1646 3467 1760 3546 aJiris
1781 3467 1831 3536 lrie‘

241 3577 334 3644 xum,
367 3558 433 3622 sive
465 3561 628 3644 indigenae
664 3562 739 3627 Osci
765 3561 857 3627 urbes
885 3561 1021 3628 Graecas
1055 3562 1183 3628 eruditis
1221 3571 1306 3627 tanta
1343 3563 1481 3630 nunciari
1519 3564 1565 3628 rei
1602 3557 1831 3638 numismaticae

209 3707 213 3718 ,
242 3657 305 3727 eibi
326 3656 487 3750 paullatim
508 3661 685 3744 subjacere,
710 3662 776 3726 sive
797 3661 890 3748 quod
903 3671 1024 3728 veteres
1055 3663 1203 3727 Etruscae
1242 3661 1403 3747 prodigia,
1447 3687 1515 3730 curu
1556 3665 1649 3737 iidem
1688 3669 1832 3740 adserere

243 3761 353 3828 coloni
371 3761 483 3828 Graeci
505 3783 561 3847 per
583 3761 711 3846 longum
732 3779 801 3825 cunr
822 3763 914 3829 Oscis
935 3785 1023 3830 usum
1057 3785 1123 3828 non
1154 3759 1376 3845 dubitaverint,
1421 3785 1440 3828 a
1474 3765 1578 3850 lingua
1610 3767 1739 3834 Etrusca
1768 3771 1830 3837 for·
1866 3797 1875 3808 ·

242 3864 363 3952 patrios
411 3883 516 3927 mores
563 3882 600 3928 ac
653 3859 788 3945 linguam
836 3862 1023 3946 dedidicere,
1057 3861 1168 3930 mamm
1200 3864 1329 3950 primunr
1365 3867 1530 3946 Graecam,
1564 3864 1677 3932 deinde
1709 3879 1741 3935 et
1772 3871 1830 3937 La-

246 3964 334 4054 qncd
375 3963 416 4031 de
458 3961 603 4028 Cumanis
639 3961 755 4028 diserte
791 3962 899 4030 tradit
920 3967 1024 4032 Velle·
1057 3966 1168 4045 tinam,
1199 3973 1279 4030 artes
1315 3986 1422 4032 omnes
1455 3965 1495 4032 ab
1527 3957 1685 4032 Etruria
1675 3988 1708 4033 Μ
1736 3972 1831 4038 Grae·

240 4069 294 4152 jus
313 4064 357 4150 ')·
429 4068 575 4130 ΟΜΜΜΜ
627 4065 704 4129 orca
748 4071 870 4130 nnuma
911 4071 1023 4134 merim
1058 4069 1135 4132 ciam
1167 4063 1283 4144 illatas,
1316 4076 1455 4154 atquae
1487 4075 1582 4131 sunt
1589 4049 1679 4156 hujus
1709 4067 1833 4160 generis
1904 4054 1927 4095 '⁴
1983 4031 2023 4112 -i

246 4167 349 4248 Quen
376 4164 533 4238 lacunari
559 4161 734 4234 adcuratius
756 4149 1007 4254 expendisset
978 4191 1025 4236 vrr
1057 4167 1288 4266 pertentastis
1314 4167 1408 4236 tidem
1435 4165 1627 4258 superantia,
1664 4193 1754 4316 quam
1775 4195 1832 4262 po·

314 4399 743 4468 elAtquthtlmtt
763 4353 935 4470 Twihptr
1004 4400 1148 4464 dllaael
1143 4395 1198 4460 ·..d
1268 4398 1636 4538 c)daa.l³lNaap..p26d

314 4480 726 4550 t)OriJ....tr·tTttptzs.

281 4563 356 4629 (mr.
373 4563 447 4630 Μ-
981 4525 984 4530 ’
1012 4549 1024 4560 “
1072 4533 1081 4544 ’
1364 4517 1367 4531 '
1606 4591 1638 4670 Q
