4448 5476
716 561 721 576 ·
811 523 1277 622 caev‘rnxtv.
1373 627 1378 634 ,
1576 533 1581 542 ’
1700 568 1824 648 nens

223 713 259 779 ιι
307 707 451 777 cudenda
498 716 625 776 moneta
675 716 791 776 certam
843 707 1008 796 quandam,
1044 708 1217 794 perantium
1249 706 1352 794 effigie
1385 709 1583 795 signatorum.
1650 707 1750 790 Nolo,
1771 712 1823 778 bic

225 831 263 878 ae
298 812 362 889 sibi
390 812 556 899 propriam
591 810 755 880 habuerint
791 809 910 898 legem,
953 833 1010 878 scu
1043 808 1207 904 aduersum
1238 801 1316 906 eos,
1362 811 1477 899 quibus
1499 807 1578 878 baec
1604 811 1657 878 lex
1683 813 1823 901 praepla.

225 913 417 1004 epigraphen
461 917 607 1001 spectes,-
650 915 778 1000 ejusque
814 913 931 980 uarium
969 913 1008 978 si·
1043 910 1121 990 cuit,
1165 911 1350 998 iniquiorem
1392 913 1473 980 ferre
1510 935 1688 998 censuram,
1732 916 1824 982 tacile

225 1025 290 1081 tum
318 1037 355 1082 ac
381 1014 525 1096 modum,
568 1035 629 1082 seu
656 1023 768 1110 typos,
813 1036 869 1081 seu
899 1012 1008 1080 metal·
1042 1021 1148 1100 tenen
1189 1012 1349 1094 adducor,
1407 1026 1441 1081 nt
1484 1015 1628 1102 credam,
1683 1016 1823 1086 eruditos

225 1117 305 1197 lum,
350 1121 478 1204 ejusque
512 1117 713 1217 mixtionem,
758 1137 814 1182 seu
846 1118 932 1182 numi
965 1115 1010 1181 di·
1043 1113 1104 1180 bos
1138 1113 1223 1180 viros
1232 1117 1354 1202 magis
1386 1126 1473 1184 setus
1504 1111 1692 1199 institutum,
1737 1119 1824 1206 quod

227 1237 348 1284 versam
391 1193 695 1298 conformationem,
762 1238 818 1282 seu
860 1217 1010 1284 fabricam
1044 1237 1109 1282 non
1142 1236 1265 1302 semper
1299 1218 1449 1304 optimum
1481 1227 1546 1299 est,
1591 1239 1682 1306 quam
1718 1241 1823 1288 veram

227 1319 348 1406 ipsam
397 1343 452 1388 scu
497 1319 632 1420 denique
675 1317 889 1406 qualecunque
926 1317 1018 1392 illud
1043 1317 1206 1384 utilitatem
1250 1328 1396 1400 secutos,
1442 1341 1546 1400 cum,
1574 1320 1727 1410 quidquid
1768 1321 1822 1388 ad·

230 1419 413 1504 discrimen,
458 1413 546 1510 quod
574 1409 657 1489 oculi
686 1421 785 1506 longo
812 1442 871 1486 usu
898 1417 1011 1485 eruditi
1044 1417 1118 1486 ferri
1152 1417 1275 1505 possit,
1319 1418 1525 1487 indubitatum
1560 1422 1619 1503 sit,
1664 1443 1822 1509 argumen-

229 1521 320 1589 facile
362 1525 561 1611 intelligunt,
612 1522 669 1590 sed
712 1522 794 1590 ιιιιιι
836 1519 1010 1614 praeceptis
1045 1530 1131 1601 tum,
1196 1519 1282 1608 quod
1324 1530 1428 1607 partes
1459 1543 1600 1589 aversae
1636 1525 1821 1606 continent,

229 1625 358 1711 nequit,
402 1629 449 1692 sic
477 1637 512 1693 ut
529 1624 649 1692 'haruin
678 1641 740 1712 ope
768 1621 1011 1690 diffsenusrum
1044 1629 1118 1689 raro
1148 1644 1217 1688 cum
1249 1621 1505 1710 imperatoribus,
1530 1645 1630 1711 quos
1662 1627 1820 1708 exhibent,
1857 1671 1862 1678 -

228 1747 303 1792 ιιοιι
330 1725 484 1810 definies,
530 1726 696 1812 Siculusnc
713 1725 769 1792 ,ιιι
796 1745 926 1804 numus,
970 1745 1022 1819 aul
1045 1724 1103 1791 sed
1139 1747 1208 1790 cum
1242 1726 1311 1812 ipsa
1346 1723 1432 1792 urbis
1468 1725 1616 1808 historia,
1651 1727 1821 1814 religione,
1894 1813 1898 1818 Ι

228 1827 385 1908 Creticm,
423 1849 472 1894 an·
489 1829 692 1914 Aegyptius„
718 1846 812 1892 omne
837 1823 922 1892 istud
949 1825 1012 1894 dis·
1044 1826 1121 1908 situ,
1151 1826 1281 1913 aliisque
1309 1826 1511 1916 peristasibus
1539 1828 1720 1918 plerumque
1748 1851 1839 1898 com.

227 1929 342 1996 crimen
384 1937 449 1995 tam
490 1930 628 2010 varium,
673 1951 709 1996 ac
745 1928 910 2016 multiplex
945 1949 1012 1996 non
1043 1930 1139 1994 necti.
1200 1927 1343 2015 Denique
1370 1927 1537 1996 insularum
1568 1951 1697 2010 ιιιιοι,
1740 1953 1822 2018 quos
1929 1969 1937 1988 ι

228 2027 290 2116 elie
325 2026 446 2095 felicius
469 2019 605 2098 *radone
638 2030 792 2118 perspici,
837 2037 929 2116 atque
964 2029 1010 2096 in·
1043 2031 1076 2096 in
1111 2039 1283 2116 separatam
1316 2032 1426 2098 seriem
1460 2033 1594 2118 conjecit
1626 2029 1820 2113 Pellerinius,

226 2129 324 2217 telligi
353 2141 476 2218 potest,
513 2153 605 2220 quam
633 2133 660 2198 si
686 2133 786 2213 numi,
820 2151 900 2219 quos
927 2130 1011 2198 idem
1044 2133 1203 2220 conjungo
1238 2152 1307 2198 cum
1339 2132 1535 2218 regionibus,
1580 2133 1691 2220 quibus
1722 2134 1818 2198 maxi·

226 2233 328 2300 natele
344 2258 348 2272 ·
363 2232 466 2304 solum
498 2233 532 2304 in
559 2231 662 2302 luceni
690 2234 798 2315 dedit,
840 2233 902 2302 situ
935 2221 1010 2320 qud
1044 2243 1093 2298 me
1130 2232 1216 2308 luere
1251 2233 1385 2314 viduae,
1429 2235 1500 2321 quia
1534 2234 1716 2322 plerumque
1747 2256 1818 2301 ean·

227 2353 286 2422 que
321 2340 556 2422 conjungentur.
622 2339 670 2404 Ea
704 2337 842 2423 ejusdem
871 2333 1010 2420 regionis
1044 2332 1115 2400 dem
1142 2355 1211 2400 cum
1236 2333 1300 2400 illis
1326 2336 1426 2422 legem
1459 2338 1492 2404 in
1516 2331 1827 2432 'ferienda'moneta'

226 2457 388 2508 numorum
430 2439 639 2506 contentione
680 2439 818 2519 lactum,
869 2445 904 2502 ut
947 2458 1009 2501 ma·
1043 2429 1289 2531 secutas'video.

226 2543 303 2627 gnus'
337 2536 543 2623 Pellerinius·,
589 2542 642 2630 qui
670 2563 716 2613 ,eo
754 2539 890 2606 consilio
924 2537 1010 2628 ¹,forte
1128 2541 1274 2627 Sequitur
1296 2563 1368 2628 pars
1389 2541 1450 2622 11..
1477 2543 1543 2609 sive
1565 2563 1644 2629 quae
1666 2551 1821 2610 monetam

226 2643 342 2728 prinius
378 2645 422 2710 uti
458 2644 586 2730 coepit,
630 2637 773 2732 maguam
789 2709 794 2716 ,
810 2651 928 2729 partem
960 2650 1010 2707 tot
1042 2642 1257 2708 Romanorum
1284 2642 1510 2730 complectitur.
1560 2643 1597 2708 In
1625 2643 1684 2708 hac
1710 2665 1820 2732 agmen

227 2743 261 2806 in
293 2763 327 2808 re
359 2745 572 2812 numismatioa
604 2747 791 2830 aenigmata,
821 2765 915 2832 «quae
937 2741 1007 2810 'suo
1043 2745 1160 2812 ducunt
1187 2746 1288 2826 ιιιιιιι,
1333 2765 1413 2830 quos
1441 2743 1604 2809 consulum
1631 2755 1715 2811 aetas
1730 2737 1819 2832 ‘'tule-

223 2841 377 2910 rhactenus
411 2847 538 2933 Oedipo
569 2865 710 2926 caruem,
754 2845 930 2921 incredibili
964 2847 1008 2913 le-
1041 2857 1103 2927 rat,
1146 2845 1203 2911 sed
1235 2845 1274 2910 de
1307 2866 1438 2932 quorum
1475 2845 1683 2931 dispositione
1716 2843 1820 2911 dicere

228 2943 344 3011 licitate
393 2967 429 3012 ac
474 2947 667 3034 perspicacia
712 2945 890 3034 explicaret.
955 2946 1008 3013 Ad
1040 2947 1120 3016 nihil
1147 2947 1263 3012 attinet.
1314 2946 1396 3011 Nam
1424 2967 1494 3017 cnm
1509 2951 1622 3031 'neque
1648 2946 1818 3014 chronolo-

227 3049 294 3131 ejus
324 3049 383 3114 viri
414 3050 586 3118 institutum
620 3049 666 3116 sic
699 3047 873 3116 universam
904 3049 1006 3115 distri·
1041 3052 1105 3137 gia,
1139 3035 1240 3140 neqtie
1266 3049 1453 3137 opportunis
1479 3047 1600 3133 legibus
1630 3046 1699 3118 aliis
1728 3047 1820 3132 ligari

227 3144 363 3213 bubonis
408 3140 560 3218 rationem
603 3149 921 3220 adcommodandam‘
941 3153 1006 3220 exi·
1040 3148 1180 3242 possint,
1213 3151 1274 3217 nisi
1301 3150 1489 3237 conjecturis
1515 3169 1581 3215 uon
1610 3148 1746 3216 ferendis
1772 3149 1818 3214 in·
1861 3195 1874 3200 —
1929 3139 1932 3146 ’

225 3248 334 3331 ιιιιιο,
379 3260 414 3318 ut
444 3251 492 3319 fas
523 3263 627 3322 ιιιιιιι
642 3267 780 3344 putam,
823 3255 884 3320 ab
899 3275 940 3320 eo
973 3255 1007 3320 in
1042 3255 1182 3342 dulgeas,
1203 3253 1362 3342 sequenda
1383 3253 1523 3333 omnino,
1551 3251 1578 3318 si
1600 3253 1712 3338 sepias,
1735 3273 1819 3318 rece·
1911 3318 1916 3326 ,

227 3351 388 3417 nonnullis
431 3353 601 3426 discedere.
667 3355 750 3422 Nam
785 3347 918 3442 primum
953 3375 1008 3420 nu·
1042 3367 1105 3444 pta
1121 3356 1218 3438 ratio,
1247 3377 1326 3444 quae
1353 3375 1465 3422 numos
1494 3351 1664 3421 secundum
1684 3355 1820 3452 gentium
1917 3419 1923 3430 ,

137 3437 150 3456 ’
226 3469 297 3515 mos
345 3445 452 3536 regum
499 3456 537 3520 iis
584 3455 766 3540 regionibus
817 3463 1027 3544 conjungere
1041 3459 1250 3525 Romanarum
1293 3457 1420 3524 uomina
1455 3459 1659 3545 persequitur.
1724 3456 1821 3524 Aliud

227 3570 315 3632 amo,
360 3549 473 3636 quibus
515 3545 751 3639 imperitabant,
795 3557 910 3626 deinde
952 3579 1007 3626 nu·
1042 3560 1083 3626 dc
1103 3561 1347 3659 imperatorum
1345 3569 1470 3627 moneta
1486 3559 1684 3646 judicium.

224 3653 284 3720 mis
331 3651 521 3737 singulorum
564 3655 705 3737 urbium,
751 3679 831 3745 qnos
874 3669 1032 3734 eutouo·
1126 3663 1173 3726 In
1186 3661 1249 3728 hac
1267 3643 1384 3748 duplex
1406 3663 1555 3730 hactenus
1578 3664 1743 3730 observata
1758 3662 1819 3728 lere

202 3773 294 3832 ,mos
338 3775 506 3838 vocamus,
543 3758 702 3824 continuo
744 3756 876 3846 subjicio
920 3764 1005 3848 illos,
1042 3764 1129 3830 Occo
1158 3771 1189 3826 et
1211 3753 1439 3866 Mediobarbus
1469 3785 1537 3830 eam
1564 3764 1727 3851 praeclaro
1754 3763 1819 3850 qui·

226 3877 305 3942 quos
342 3855 471 3923 eaedem
507 3853 603 3930 urbes
639 3879 695 3925 seu
729 3860 874 3930 coloniae
907 3869 1006 3932 nomi·
1040 3864 1112 3932 dem
1143 3863 1277 3948 consilio
1305 3885 1362 3953 per
1390 3867 1602 3934 Romanorum
1633 3864 1733 3930 fastos
1764 3863 1819 3930 du·

225 3975 280 4037 ne,
325 3961 380 4026 ¹seu
413 3960 533 4049 absque
564 3962 645 4043 hoc,
690 3981 759 4027 cum
787 3963 1006 4052 imperatorum
1040 3986 1130 4045 sere,
1155 3985 1265 4032 verum
1292 3965 1376 4034 istud
1403 3967 1562 4082 plerisque
1588 3963 1782 4031 molestum
1767 3984 1818 4046 Ju-

226 4055 327 4144 effigie
348 4061 519 4148 signavere.
567 4064 643 4131 Hoc
671 4065 784 4136 ordine
811 4089 903 4136 unum
926 4071 1006 4146 llar-
1040 4067 1210 4147 revisum,
1234 4065 1528 4154 quodconjecturis
1551 4066 1677 4132 nimium
1699 4064 1817 4146 darent,

225 4157 368 4243 duiuum,
405 4165 491 4252 quod
518 4165 607 4264 mibi
624 4177 778 4252 constet,
795 4169 829 4237 ιι
855 4171 922 4240 suis
948 4193 1004 4264 po
1040 4164 1215 4257 numosque
1246 4170 1332 4236 omni
1365 4177 1441 4238 note
1473 4167 1712 4252 chronologica
1724 4163 1817 4234 desti·
1918 4225 1938 4260 ,¹

225 4259 391 4346 pulcrum
395 4277 436 4332 et
470 4251 591 4336 urbium
628 4271 729 4340 numis
767 4269 856 4342 usum
899 4275 1004 4359 video,
1039 4282 1144 4353 tutos,
1188 4271 1295 4360 quoles
1327 4294 1393 4340 non
1419 4289 1538 4362 paucos
1565 4268 1700 4358 reperies
1726 4268 1818 4336 etism

224 4381 292 4440 cunt
327 4385 383 4432 eos
415 4367 507 4434 elii
498 4391 531 4436 ιιι
565 4383 722 4460 separatas
756 4374 873 4444 classes
906 4379 1004 4463 conJi·
1038 4375 1138 4464 prima
1161 4374 1327 4442 Caesarum
1355 4383 1470 4455 aetate,
1500 4371 1574 4439 inde
1598 4393 1675 4439 cero
1702 4370 1817 4438 nGal·

224 4474 344 4547 cenent,
389 4489 445 4534 seu
487 4470 695 4556 coloniarum,
740 4495 796 4544 seu
839 4494 1004 4546 nnmerum
1038 4476 1123 4543 lieno
1146 4476 1221 4542 fere.
1234 4497 1359 4558 omnes,
1388 4474 1476 4540 nulla
1497 4483 1675 4561 opportune
1694 4473 1817 4542 ratione

166 4670 171 4678 Ι
222 4563 256 4630 in
291 4565 420 4639 urbibus
453 4573 574 4642 Graece
606 4575 806 4666 loquentibus
843 4597 917 4648 cum·
948 4581 1018 4648 ιιι.
1038 4601 1076 4646 ac
1097 4575 1231 4646 consilio
1260 4579 1352 4646 certis
1379 4577 1468 4644 annis
1486 4575 1652 4696 illignrcm
1694 4575 1815 4664 usspc
1929 4607 1938 4636 ι
