4472 5472
809 491 1257 568 ιιιιίιιι.
1424 583 1434 594 g
1778 515 1938 570 cm·

256 675 324 725 mm
351 647 515 724 sententia
535 651 726 740 experientia
755 651 951 734 confirmata,
978 671 1049 716 ma-
1161 651 1299 720 Eaedem
1320 646 1406 738 leges
1434 649 1476 718 ad
1497 651 1722 742 explorandam
1743 676 1854 724 aeneo·
1967 667 1971 674 “

245 761 361 844 ¹J'orern
395 764 516 844 partem
549 755 702 844 rarionrm
741 748 803 822 ιι,
818 775 931 842 magno
970 772 1042 834 aere
1074 773 1143 820 rum
1186 754 1338 836 maximae
1380 751 1499 820 formae
1541 756 1728 843 probitatem
1770 757 1852 826 vale·

258 877 439 939 nemorum,
484 858 538 946 qui
567 837 730 923 thesauros
768 852 860 924 etiam
891 856 1040 922 illustrio·
1075 853 1160 921 bunt
1222 855 1271 922 Aa
1298 853 1429 942 primurn
1457 855 1581 943 quidem
1608 858 1776 928 admodum
1802 883 1852 944 su·
1869 869 1872 880 '

258 962 303 1027 ris
346 947 463 1040 famae,
508 956 566 1024 sed
608 959 642 1022 in
683 957 853 1044 provinciis
898 957 1039 1039 collecti,
1074 965 1201 1042 spectus
1243 951 1426 1023 babebimus
1470 979 1578 1028 omnes
1612 959 1737 1048 hujus
1728 961 1851 1030 classis

259 1061 468 1144 constituunt,
498 1081 567 1126 eum
589 1058 727 1126 Parisios
749 1058 789 1126 ab
810 1045 946 1126 haerede
967 1080 1040 1126 ven·
1074 1077 1204 1139 numos,
1249 1057 1303 1148 qui
1330 1058 1526 1144 imperatoria
1553 1069 1645 1148 eaput
1674 1063 1746 1134 ιι.
1775 1066 1850 1132 Ga‘e·
1893 1083 1896 1089 ·

260 1161 358 1229 dendi
379 1185 471 1230 ιιιιιι
493 1159 684 1272 deierantur,
706 1157 821 1230 norisii
843 1181 913 1228 essa
936 1161 1040 1249 operia
1073 1181 1144 1228 aare
1174 1179 1274 1246 usqne
1302 1159 1344 1226 nd
1370 1158 1579 1240 Hadrianum
1588 1161 1731 1232 offerrmt
1785 1167 1850 1233 Vix

248 1253 399 1350 'agnosci
801 1293 807 1300 ·
1073 1283 1152 1329 unus
1179 1261 1291 1348 aliquia
1318 1262 1468 1346 genuinus
1495 1263 1575 1330 intra
1607 1264 1670 1332 boo
1699 1268 1849 1354 temporis

317 1365 466 1433 Interea
504 1361 545 1430 ad
580 1361 824 1452 dignoscendam
858 1363 1038 1432 Patauinum
1072 1363 1204 1450 spatium
1225 1363 1385 1449 reperitur

257 1467 339 1534 bano
359 1485 492 1540 mercem
513 1466 640 1554 regulae
660 1475 795 1555 possunt
815 1453 991 1582 prodesse
989 1486 1037 1532 ae·
1155 1463 1269 1574 Neque
1302 1467 1402 1549 major
1434 1447 1645 1532 difficultas
1634 1489 1667 1534 ιιι
1706 1469 1848 1538 examine
1884 1507 1889 1516 ·

257 1579 398 1657 quentes:
461 1569 488 1637 1.
531 1567 629 1635 Numi
662 1590 771 1638 omnes
805 1568 908 1652 magni
941 1568 1036 1648 aeris,
1070 1567 1233 1632 numorum
1266 1567 1536 1654 imperatoriorum
1569 1588 1610 1634 ex
1639 1579 1767 1657 argento
1796 1570 1847 1639 vel

256 1673 310 1758 qui
342 1672 482 1740 Patavini
515 1670 674 1752 dicuntum,
720 1669 760 1734 da
793 1668 903 1754 quibua
934 1667 1037 1734 solum
1071 1667 1168 1750 aur'o,
1213 1677 1265 1734 aut
1307 1689 1470 1754 numurum
1514 1669 1705 1739 Graecorum
1745 1676 1846 1758 eujus-

254 1772 307 1842 hio
340 1774 457 1859 agitur,
492 1771 661 1856 generatim
693 1769 805 1836 minus
827 1770 923 1836 crassi
955 1778 1035 1851 suut,
1070 1789 1192 1856 cunque
1216 1759 1342 1850 metalli.
1390 1770 1486 1851 Esto,
1521 1771 1605 1836 numi
1633 1791 1720 1837 oram
1747 1772 1853 1868 videri

211 1921 215 1928 -
256 1895 349 1962 quam
370 1871 498 1958 antiqui.
542 1872 582 1936 ll.
610 1869 702 1936 Nihil
730 1891 838 1937 eorum
866 1867 1052 1956 elegantiae
1067 1869 1269 1986 inculpatam,
1314 1880 1344 1937 at
1373 1869 1481 1937 literae
1507 1869 1598 1938 facile
1624 1870 1743 1940 dabunt
1755 1873 1846 1986 judi·
1913 1917 1937 1963 .·
2041 1882 2044 1894 ⁴

257 1973 374 2040 ademit
396 1982 449 2044 ιιι
469 1971 597 2059 longior
615 1993 705 2068 usna,
735 1982 788 2038 ιιι
809 1971 876 2037 aevi
898 1982 929 2038 et
950 1994 1036 2040 aeru-
1069 1973 1159 2038 oium.
1202 1973 1243 2040 Et
1264 1993 1339 2069 vero
1367 1971 1409 2040 ad
1432 1971 1542 2038 barum
1567 1979 1707 2056 naturam
1729 1997 1846 2061 cogno·

235 2076 355 2162 ,ςιιιι
365 2074 502 2166 injuriae
560 2073 944 2143 ultramuraneum
970 2073 1034 2143 for
1069 2073 1215 2156 scandam
1236 2075 1457 2164 praecipuus
1450 2083 1498 2142 est
1524 2071 1719 2144 adhibendus
1741 2063 1878 2161 tabor,'
1938 2113 1946 2125 =

254 2195 337 2244 mam
357 2153 504 2264 produnt,
528 2173 611 2262 quali
632 2175 763 2244 inscribi
783 2173 887 2242 solent
907 2186 1035 2246 nostrae
1069 2177 1123 2270 qui
1144 2175 1225 2251 adeo
1248 2197 1401 2264 operosus
1412 2195 1479 2242 uon
1501 2185 1559 2258 est,
1581 2177 1733 2266 siquidem
1753 2179 1844 2248 voles

255 2277 365 2344 aetatis
381 2277 474 2343 numi.
520 2275 578 2343 IV.
603 2277 771 2368 Nunquam
791 2279 955 2356 uerniee*)
978 2274 1034 2346 ob·
1067 2278 1148 2344 istun
1172 2278 1306 2344 animum
1333 2277 1502 2346 advertere.
1555 2279 1679 2346 Etenim
1698 2299 1844 2398 quoeun-

253 2379 327 2448 teati
359 2389 445 2462 sunt,
475 2379 550 2446 nisi
585 2375 766 2464 artr'licioaa,
811 2402 903 2468 quam
932 2391 1035 2450 temen
1069 2400 1129 2467 que
1161 2378 1258 2453 modo
1289 2401 1400 2448 numus
1431 2379 1532 2452 ialsua
1562 2381 1636 2464 erit,
1681 2380 1747 2448 ιιιι
1774 2384 1847 2472 quia

252 2483 353 2552 ιιιιιιι
381 2479 546 2552 difficulter
574 2481 769 2570 dignoverie3
801 2505 873 2550 nam
901 2483 1034 2572 plerum
1069 2482 1174 2570 operia
1199 2491 1248 2550 est
1275 2482 1433 2566 moderni,
1462 2485 1528 2550 sive
1556 2505 1598 2550 ιι
1625 2503 1720 2551 numo
1741 2493 1846 2554 vetere

129 2595 134 2602 '
256 2605 316 2672 que
342 2586 461 2670 nigrior
488 2594 552 2667 eat,
581 2595 612 2652 et
637 2585 797 2674 pinguior,
826 2607 928 2674 neque
956 2587 1034 2654 soal·
1066 2584 1119 2652 ιιι
1149 2583 1302 2652 moderno
1337 2585 1439 2665 ιιιιι,
1483 2585 1556 2674 sive·
1583 2583 1739 2673 scalprum
1769 2586 1844 2654 rnal-

253 2705 315 2773 pro
342 2687 479 2770 resistit,
524 2709 593 2756 enm
619 2697 720 2758 tamen
748 2687 858 2756 ιιιιιι
884 2687 1033 2778 naturalia
1067 2687 1187 2755 leumve
1214 2697 1263 2753 est
1288 2694 1454 2774 expertus,
1484 2705 1607 2772 semper
1631 2685 1740 2754 literae
1764 2689 1844 2756 freu-

254 2785 425 2874 splendore
451 2788 493 2852 sit
513 2789 643 2869 eximio,
670 2799 702 2856 et
730 2788 838 2856 eadem
865 2812 934 2860 turm
960 2793 1031 2880 ipso
1067 2785 1138 2854 dom
1163 2783 1352 2856 indicabunt.¹
1411 2783 1494 2858 Scine
1520 2784 1580 2852 hae
1605 2795 1640 2854 ut
1666 2809 1772 2854 uerum
1800 2787 1844 2856 fa·

255 2908 351 2956 numo
380 2887 499 2956 (ιιιιιιι.
545 2889 585 2954 V.
613 2890 651 2954 In
678 2909 786 2957 eorum
814 2892 951 2979 margine
979 2916 1032 2982 ap·
1065 2899 1145 2972 tear,
1180 2889 1317 2975 regulam
1350 2885 1566 2967 certissimam,
1598 2907 1635 2952 ae
1663 2885 1745 2954 forte
1776 2889 1844 2954 uni·

253 2999 365 3080 parent
400 2989 493 3058 limae
527 2991 670 3078 vestigia,
709 3005 811 3078 ¹saepe
845 2993 1030 3077 οιιιιιιοιι,
1066 3013 1133 3060 eam
1176 2989 1226 3056 de¹
1259 2994 1422 3058 numerum
1463 2986 1525 3056 fide
1561 2995 1647 3059 recte
1677 2987 1843 3074 judicandi

252 3090 310 3162 aed
337 3115 416 3182 quae
443 3093 568 3162 oculum
594 3101 742 3162 attentum
773 3115 840 3160 nou
872 3093 1030 3184 effirgiuru
1065 3089 1264 3183 suppeditant
1295 3091 1359 3175 illi,
1392 3090 1443 3158 eui
1472 3085 1612 3157 nondam
1637 3110 1711 3158 uera
1737 3095 1842 3180 operis
1874 3101 1879 3110 “

171 3189 176 3200 ’
251 3195 306 3262 VI.
328 3195 468 3283 ¹Formae
489 3207 563 3264 sunt
576 3195 718 3285 ,perfecte
739 3196 908 3285 rotundae,
936 3220 1030 3288 quan·
1064 3195 1177 3264 veteris
1209 3203 1319 3262 natura
1349 3192 1423 3262 satis
1456 3200 1504 3259 est
1533 3201 1710 3280 perspecta,
1755 3197 1842 3280 eujus
1939 3259 1943 3267 .
2056 3265 2061 3274 ,

253 3293 296 3374 do
323 3299 409 3365 numi
434 3300 568 3388 antiqu,
598 3300 779 3386 praesertim
805 3297 880 3366 inde
908 3323 926 3367 a
952 3301 1029 3368 Tra·
1066 3297 1180 3368 deinde
1211 3297 1340 3370 ιιιιιιιι
1370 3305 1530 3362 momento
1560 3297 1712 3386 temporie
1738 3294 1841 3379 donet,

179 3429 185 3434 .
246 3399 344 3485 janu,
365 3408 427 3469 tum
448 3402 541 3468 anxie
562 3402 689 3470 rotundi
709 3415 775 3468 non
796 3409 877 3470 suut
996 3463 1000 3471 ,
1064 3409 1165 3468 utrum
1186 3407 1285 3481 ιιιιι,
1308 3407 1411 3466 utrum
1431 3397 1573 3468 novicius
1594 3399 1636 3467 sit
1656 3399 1844 3476 nummus).
1972 3399 2017 3420 ,.

316 3645 448 3822 illo&
475 3663 652 3750 lssissllftfflfls'
673 3688 777 3742 numine
802 3691 930 3753 semota,
957 3687 1081 3760 cujusque
1108 3707 1137 3746 ea
1162 3647 1208 3742 ait·
1223 3685 1250 3744 in
1276 3699 1380 3744 moneta
1410 3689 1494 3750 velera
1519 3700 1636 3750 naturas,
1666 3688 1774 3744 dirimas
1802 3707 1842 3749 ιι-

247 3769 299 3836 pits
365 3807 373 3824 .

316 3933 361 4006 ¹¹⁶)
385 3933 502 3991 tii-tun
524 3936 601 3992 nobis
622 3937 674 3991 boe
696 3920 757 3990 lo'no
780 3935 906 4007 promittit
927 3949 1022 3992 suetos.
1064 3937 1166 3994 Etenim
1188 3938 1210 3994 ai
1234 3913 1285 3991 tam
1308 3937 1383 3992 sanila
1404 3937 1480 3992 nobis
1503 3949 1629 4004 κριτιριον
1649 3931 1841 4002 suppeditarent

155 4085 162 4098 ι
206 4043 217 4066 ·
249 4017 347 4084 literae,
372 4041 430 4076 eum
453 4020 528 4092 panai
552 4021 652 4077 sintin
675 4035 779 4076 moneta
801 4039 883 4076 autern
905 4023 990 4090 numi,
1016 4022 1059 4092 qui
1082 4023 1175 4078 literati
1195 4041 1249 4075 non
1271 4021 1335 4088 siut,
1361 4034 1520 4089 sequeretur,
1547 4037 1658 4088 pronum
1679 4031 1841 4086 promptum·

250 4119 299 4170 qua
321 4123 374 4158 esne
397 4107 428 4160 ds
452 4105 533 4160 oblati
555 4103 730 4178 cojuscunque
751 4099 825 4162 nurui
847 4107 897 4160 tide
919 4104 1054 4177 judicium·
1099 4107 1197 4162 Contra
1219 4105 1373 4173 esperimus,
1394 4104 1576 4172 peritissimum
1598 4119 1724 4174 quamquo
1745 4101 1772 4154 in
1796 4119 1840 4170 ap·

248 4187 384 4255 probando
402 4210 496 4254 numo.
516 4193 711 4262 reprobandoun
727 4193 915 4264 nonnunquam
934 4193 1046 4261 pendere
1064 4191 1156 4254 animi,
1179 4205 1203 4244 st
1222 4209 1275 4242 nun
1295 4207 1354 4241 raro
1371 4187 1437 4250 intes
1454 4186 1619 4257 peritissimos
1636 4203 1752 4258 quosque
1769 4203 1839 4238 ssor-

248 4281 300 4344 tam
318 4271 398 4339 litam,
415 4275 454 4332 bis
472 4273 682 4346 approbantibus,
701 4278 898 4348 reprobantibus
916 4276 976 4332 illia.
1011 4275 1126 4341 Accedit,
1149 4275 1220 4344 quod
1238 4273 1293 4344 ipse
1312 4287 1402 4328 anatur
1418 4291 1473 4324 non
1490 4271 1540 4324 sibi
1556 4269 1617 4326 satis
1633 4283 1742 4322 conarer.
1775 4269 1839 4320 Nam

247 4371 324 4422 quam
345 4353 397 4409 boo
418 4359 476 4426 lpao
499 4359 674 4416 difficultatum
692 4363 784 4427 elatat,
805 4360 870 4414 inira
889 4355 963 4428 ΕΝ.
980 4359 1056 4412 etism
1074 4359 1231 4428 peritissimis
1249 4359 1382 4410 molestam
1399 4353 1541 4424 profitetur.
1575 4353 1713 4410 Enimvero
1730 4371 1784 4406 non
1801 4371 1841 4406 aa·

247 4438 279 4491 tia
298 4438 385 4503 video.
403 4461 447 4495 ens
464 4443 556 4499 babilis
574 4447 677 4515 qnidam
695 4446 784 4500 artilex
800 4447 890 4510 figuras
909 4445 941 4498 ad
959 4457 1068 4497 soterem
1086 4445 1195 4498 mudum
1212 4441 1305 4496 imitari
1321 4441 1384 4494 aeitn
1400 4439 1495 4506 possit,
1513 4437 1644 4491 literarum
1661 4437 1770 4489 formam
1787 4455 1840 4492 non
1895 4493 1900 4500 ,

247 4521 341 4590 possit,
357 4545 416 4582 sum
434 4527 455 4582 is
474 4529 564 4586 dolum
583 4529 654 4586 oanni
672 4525 761 4585 collata
779 4549 857 4598 opera
874 4528 1010 4586 meditatus
1028 4541 1072 4583 ast.
1385 4569 1397 4580 .
1602 4603 1623 4672 q

282 4615 355 4688 (Vol.
372 4621 414 4692 1.)
1697 4661 1701 4675 .
