4472 5472
209 523 223 552 .
278 559 281 565 a
376 499 537 607 ἰιιιι
720 461 725 466 ’
840 509 1210 620 ιιοιιιοιιιιιι
1238 511 1523 590 exuentem.

299 679 303 692 ’
384 688 577 762 monueram
615 673 780 762 sepulchra
823 665 984 760 dedare,·
1014 693 1165 766 quorsum
1199 675 1285 760 chia,
1314 685 1462 766 expertus
1484 673 1552 766 ip‘se
1570 661 1639 745 uon
1661 677 1759 744 semel
1781 697 1857 744 sum.
1898 677 1981 744 Scri·
2060 689 2069 702 “

385 799 442 846 eos
472 786 547 848 nota
577 779 925 894 ιιιιιιιιιιιιιιιιιιιιο
956 779 1069 868 adegit
1122 779 1166 846 At
1199 780 1262 866 psit
1298 780 1374 846 mihi
1411 787 1494 846 exo:
1510 773 1667 869 princeps
1696 781 1806 848 ‘thuris
1844 777 1981 864 Muciae,

385 879 505 948 nullum
530 877 656 946 uberius
684 873 863 967 aucupium,
901 902 992 970 quam
1020 905 1088 950 curn
1115 901 1164 949 ea
1198 879 1392 970 thesaurum
1421 897 1586 956 humorum
1629 885 1922 967 Syracusanorum
1942 903 1982 949 ex

387 1005 439 1052 sus
473 973 649 1050 thesaurum
683 981 812 1065 obtulit,
857 1003 948 1071 quem
984 1004 1040 1052 seu
1077 995 1165 1053 vetus
1200 995 1345 1070 argento,
1391 988 1445 1074 qui
1480 987 1555 1052 hine
1583 996 1677 1075 caput
1702 985 1855 1067 Palladis,
1898 981 1985 1050 illine
2024 1058 2028 1062 ,

299 1155 303 1166 ,
386 1087 547 1168 attritis,
559 1066 626 1153 sive
658 1085 697 1152 ab
725 1085 869 1152 hostibus
898 1085 1041 1154 externis
1066 1096 1166 1152 reema
1201 1083 1352 1204 Pegasum
1380 1088 1546 1172 exhibent,
1582 1088 1725 1178 pondere
1747 1089 1810 1156 00
1834 1086 1984 1158 libra'rutn

271 1223 273 1228 .
385 1190 509 1256 nemine
529 1189 660 1256 oonsclo
684 1185 821 1268 defodit,
853 1202 916 1273 qno
939 1187 1036 1254 modo
1062 1189 1167 1254 namet
1199 1189 1264 1256 ruri
1284 1207 1386 1276 prope
1408 1191 1580 1272 Syracusas
1602 1195 1759 1262 inventum
1782 1191 1888 1258 inisse.

359 1285 599 1410 'Appianum
602 1289 814 1373 Rhodiosin
841 1288 926 1356 bello
959 1309 1028 1356 cum
1057 1290 1166 1358 Cassio
1265 1291 1417 1376 Superest
1460 1292 1591 1376 decere,
1636 1314 1705 1359 eum
1746 1303 1848 1360 tantas
1892 1291 1985 1361 nobis
2065 1317 2073 1326 ·

316 1457 318 1466 ι
346 1469 350 1474 ,
385 1397 549 1482 pecumem
583 1411 669 1460 suam
699 1391 811 1478 partim
839 1399 935 1472 terra,
968 1392 1080 1478 partim
1113 1413 1167 1477 pu·
1203 1409 1281 1477 opes
1310 1401 1451 1460 anteacta
1481 1403 1565 1460 aetas
1593 1394 1788 1483 suppeditet,
1822 1393 1864 1462 ad
1894 1414 1986 1484 quem

386 1499 460 1578 teis,
482 1496 594 1582 partim
615 1492 789 1588 sepulchris
812 1492 1053 1575 condidisse'U)
1085 1489 1167 1560 Tan·
1201 1511 1360 1560 numerum
1408 1515 1589 1577 numorum,
1654 1493 1791 1562 exclusis
1840 1498 1986 1578 omnibus

386 1607 437 1664 tae
464 1596 609 1663 fortunae
634 1595 769 1661 illustria
795 1605 919 1664 exstant
940 1595 1085 1690 exempla
1106 1619 1168 1663 me·
1202 1595 1341 1682 ejusdem
1375 1598 1561 1684 argumenti,
1597 1596 1765 1684 adsurgere
1792 1598 1896 1685 possit
1920 1617 1985 1664 mu·

387 1700 504 1766 moriae
525 1695 660 1788 prodita.
712 1697 827 1766 Narrat
855 1719 902 1784 ex,
922 1699 1020 1766 Lazio
1041 1699 1169 1768 Fabret·
1203 1719 1289 1766 setun
1323 1695 1482 1789 quoddam
1513 1699 1564 1768 his
1597 1701 1744 1788 reliquiis
1770 1698 1986 1768 liberalissime
2050 1761 2054 1768 ,
2172 1717 2175 1726 ’

387 1811 439 1867 ιιι
453 1804 495 1883 ¹),
529 1801 595 1887 ejus
622 1801 681 1869 riri
707 1809 807 1867 aetate
835 1811 959 1892 reperta
984 1803 1018 1894 ιιι
1046 1803 1171 1876 flumine
1202 1802 1393 1870 instructum.
1447 1802 1551 1871 Nemo
1567 1807 1635 1890 jam
1659 1814 1740 1890 est,
1761 1803 1813 1892 qui
1834 1823 1900 1870 non
1922 1808 1986 1866 sto·

192 1908 198 1920 '
284 1919 286 1922 ·
389 1903 531 1990 Sergetia
553 1904 681 1980 ¹Daciae
715 1905 828 1972 veteris
860 1905 938 1992 plus
968 1904 1065 1994 quiam*
1096 1928 1170 1993 qua·
1204 1906 1364 1973 mechatur
1405 1906 1523 1974 hiatum
1567 1907 1769 1994 promissoris
1803 1902 1989 1991 wolfgangi

269 2016 272 2046 ¹
388 2005 530 2094 draginta
568 2007 665 2074 millia
698 2025 862 2074 numerum
901 2027 1078 2088 aureorum,
1118 2010 1171 2095 qui
1203 2006 1306 2088 Lazii,
1339 2008 1415 2075 civis
1445 2010 1522 2076 olim
1544 2012 1646 2076 nostri
1668 2008 1894 2089 madidatae,
1930 2001 1988 2071 sed

388 2130 500 2197 magna
533 2130 574 2178 ex
599 2119 688 2198 parte
720 2108 899 2192 Lysimachi
934 2101 1090 2206 Thraciae
1122 2131 1169 2174 re·
1203 2103 1312 2196 parum
1344 2111 1457 2197 utique·
1485 2112 1620 2193 cordati,
1665 2133 1734 2178 cum
1765 2113 1800 2176 in
1833 2125 1986 2176 commen·

387 2213 435 2296 gis
457 2215 583 2278 nomine
613 2213 736 2278 luerunt
761 2209 912 2295 inseripti.
962 2209 1066 2297 Prope
1094 2211 1185 2275 Bre.
1204 2208 1289 2276 tariis
1317 2211 1381 2276 suis
1407 2211 1517 2280 DCC.‘
1531 2209 1628 2282 millia
1658 2233 1823 2282 numerum
1850 2221 1987 2278 veterum
2043 2237 2047 2242 ·

168 2349 170 2357 ι
262 2383 267 2390 ,
388 2319 474 2376 stum
491 2305 670 2378 Britaniiae
697 2313 778 2378 circa
800 2328 913 2376 annum
937 2303 1021 2380 1700
1046 2319 1188 2399 reperta
1204 2331 1274 2377 sese
1295 2311 1489 2398 vulgaturum
1511 2314 1690 2402 sponderet.
1742 2314 1821 2379 Non
1843 2297 1891 2378 est
1912 2308 1989 2377 mihi
2116 2323 2119 2332 ‘
2207 2313 2208 2330 ¹

387 2411 484 2480 fuisse
510 2433 584 2480 vasa
609 2413 715 2500 figlina
735 2411 855 2501 repleta
883 2413 983 2488 narnis
1005 2413 1180 2502 imperato·
1205 2414 1325 2480 animus
1352 2415 1475 2484 elevare
1496 2416 1560 2483 hoo
1582 2415 1688 2483 loco
1678 2435 1780 2510 rusam
1770 2409 1893 2499 hujus
1915 2430 1986 2499 pro·

260 2535 263 2542 ·
387 2535 455 2580 rum
460 2505 823 2585 somersetam
845 2515 990 2597 millium,
1029 2517 1173 2606 perhibet
1205 2517 1292 2584 missi
1320 2517 1427 2600 fidem,
1468 2520 1541 2606 quia
1568 2519 1653 2586 istud
1682 2541 1701 2584 a
1729 2537 1779 2586 me
1804 2525 1897 2632 post:
1907 2513 1993 2578 alios
2056 2543 2061 2550 ·

232 2627 237 2638 '
307 2629 314 2636 ·
389 2616 623 2702 Pellerinins’.)
679 2620 717 2688 In
746 2637 822 2706 egro
849 2621 988 2688 Fuxensi
1015 2622 1172 2690 inventum
1205 2621 1386 2708 praestitum
1407 2624 1474 2705 J'am
1502 2633 1551 2688 est
1578 2622 1612 2688 in
1634 2621 1777 2688 Historia
1798 2636 1895 2684 musei
1886 2615 1986 2681 Cae-

367 2731 445 2804 χιιι
473 2720 594 2788 dolium
624 2733 732 2806 vetus,
766 2724 800 2790 ιι
836 2745 899 2812 quo
934 2725 1172 2792 continebantur
1205 2724 1305 2804 sarci,
1329 2745 1510 2820 quam]
1483 2729 1550 2790 eus
1583 2717 1733 2820 catalogo
1773 2721 1987 2813 praedixeram.

389 2821 466 2890 LX.
469 2807 578 2892 millia
599 2843 778 2932 numerum,
809 2833 943 2915 ιιιιοιιιι
971 2827 1075 2924 nullus
1099 2824 1172 2893 Gal·
1207 2826 1250 2890 Vt
1272 2845 1382 2914 supra,
1405 2845 1496 2942 quam
1497 2750 1604 2894 Jcradi
1626 2835 1746 2914 potest,
1769 2824 1910 2892 excessit
1930 2822 1988 2886 La·

282 2927 291 3013 ’,
345 3009 348 3017 ¹
388 2915 505 2998 liebi'
495 2915 657 3018 rmperium
683 2921 828 2998 excessit
888 2931 988 3004 Erant
1009 2913 1090 2997 inter
1111 2929 1172 2994 hos
1207 2929 1289 3010 nius,
1326 2931 1369 2996 ita
1401 2929 1528 2995 nimium
1559 2939 1650 2998 teste
1664 2927 1854 3010 Morellio)
1889 2925 1988 2991 detra
2037 2969 2048 2976 .

391 3032 542 3098 rarissimi
585 3031 859 3122 Tranquillinaa,
892 3035 992 3100 Corn.¹
1023 3033 1172 3119 Superae,
1206 3031 1254 3098 xit
1282 3032 1414 3098 Carolus
1445 3029 1588 3112 Petinus,
1626 3032 1699 3147 ιιιι
1708 3031 1762 3098 vix
1790 3029 1862 3094 VII.
1892 3026 1989 3092 millia

391 3129 549 3212 Pacatiani
576 3134 650 3203 duo
709 3134 831 3220 Excepi
858 3133 937 3200 haee
958 3133 1099 3198 Tolosae
1132 3141 1174 3196 ex
1206 3133 1240 3198 in
1288 3132 1505 3198 cimeliarchiis
1550 3133 1680 3217 reperiri
1727 3127 1804 3194 olim
1846 3126 1987 3194 credidit

391 3234 571 3348 catalogo
570 3233 642 3299 MS.
674 3232 868 3311 academiae,
900 3225 955 3296 ubi
986 3231 1089 3297 adhne
1117 3251 1172 3297 no·
1205 3234 1279 3320 lpse
1301 3233 1484 3314 Morellius,
1519 3253 1588 3299 cunr
1614 3230 1692 3296 hacc
1713 3231 1882 3317 scripserat
1904 3249 1987 3296 anno

391 3333 434 3398 mi
463 3335 598 3425 rariores
631 3355 672 3399 ex
704 3333 791 3398 omni
826 3349 955 3400 numero
983 3333 1091 3400 selecti
1119 3332 1308 3415 ιιι-1695,
1346 3333 1509 3402 delineata
1523 3355 1579 3399 sua
1601 3354 1693 3400 manu
1715 3331 1859 3420 possedit
1879 3331 1987 3403 XXV.

391 3444 560 3502 servantur.
604 3431 720 3501 Narrat
746 3431 821 3500 alibi
843 3431 1082 3516 Pelleriniusu)
1120 3454 1172 3500 on·
1206 3435 1303 3503 millia
1324 3456 1489 3504 numerum
1510 3433 1704 3524 veterum).
1748 3433 1889 3502 Bimardi
1918 3447 1987 3502 een·

264 3609 266 3614 ,
391 3557 436 3602 no
451 3541 549 3608 1759
578 3545 680 3624 prope
701 3536 889 3604 Laodiceam
912 3535 1045 3620 Syriae,
1075 3535 1173 3602 hodie
1207 3559 1278 3620 sus,
1300 3537 1358 3605 sed
1379 3550 1414 3605 ιι
1434 3539 1503 3626 ipse
1525 3537 1687 3627 professus
1709 3550 1776 3626 est,
1799 3547 1916 3608 ιιιιιιι
1937 3559 1987 3605 ιι·

392 3639 530 3721 matut,
561 3663 580 3706 a
609 3640 732 3707 rush'uo
752 3639 903 3708 effossum
924 3641 1103 3708 thesaurum
1125 3638 1173 3705 l'o·
1205 3587 1359 3724 risiririlis,
1397 3641 1455 3709 luit
1481 3638 1608 3725 talis):
1645 3645 1742 3711 Aurei
1767 3645 1988 3732 imperatorum

391 3739 545 3833 oupletem
588 3745 859 3864 praestantissimis
902 3745 1002 3812 numis
1044 3743 1173 3846 Graecis
1207 3745 1308 3826 3000,
1340 3747 1478 3833 argentei
1500 3747 1671 3814 eorundem
1693 3751 1796 3828 0000,
1825 3745 1913 3812 aenei
1935 3763 1987 3807 eo·

391 3855 655 3929 constantem,e
637 3849 722 3914 etin
744 3865 830 3919 suam
850 3850 1045 3936 potissimum
1065 3835 1173 3935 gazani
1206 3845 1338 3914 rundem
1365 3849 1420 3918 ιιι
1443 3850 1562 3918 formae
1584 3853 1705 3929 20000,
1736 3856 1770 3911 ιι
1796 3845 1877 3911 adeo
1899 3844 1988 3910 aenei

392 3947 572 4020 derivatum.
633 3951 733 4030 Quam
761 3952 933 4039 stupendus
956 3961 1100 4019 monetae
1122 3975 1173 4018 ve
1208 3953 1346 4020 omnium
1373 3955 1466 4020 trium
1499 3954 1666 4019 formarum
1701 3947 1868 4032 adsurgere
1896 3945 1989 4012 facile
2040 3985 2043 3994 ·

317 4040 320 4048 ’
360 4052 468 4118 ¹teris
496 4069 639 4152 numerus
660 4051 779 4120 'eodem
806 4053 880 4122 loco
914 4055 1062 4122 defossae
1085 4075 1174 4142 repe·
1206 4057 1332 4141 possint
1347 4054 1387 4130 ad
1402 4060 1517 4138 30000.
1561 4050 1692 4118 Inhuuo
1707 4067 1832 4116 censum
1847 4047 1988 4116 nondum

316 4181 318 4186 ·
391 4153 488 4222 ιιιιιιι
513 4154 689 4244 Frequenter
718 4157 751 4222 in
772 4154 872 4225 Dacia
900 4167 1020 4240 vetere,
1056 4156 1173 4244 praeci·
1206 4175 1321 4223 venere
1352 4157 1442 4224 numi⁴
1467 4154 1595 4220 maximi
1626 4150 1755 4218 moduli.
1816 4150 2014 4222 Concludit·

334 4245 364 4308 ἶ
392 4272 454 4342 pue
484 4259 517 4325 in
550 4257 704 4328 hodierna
732 4257 962 4342 muniveris,
1006 4257 1041 4325 e‘t
1065 4255 1172 4324 Wala·
1207 4253 1398 4345 denique‘),
1436 4256 1643 4332 adnumeratis
1670 4253 1735 4337 his,
1771 4263 1837 4322 tura
1864 4266 1895 4324 et
1921 4256 1986 4344 qui·

1146 4411 1347 4422 —......---

461 4493 493 4561 ιι)
513 4495 849 4564 Bett.eiv.1..lt⁷.,e.73.
918 4493 948 4562 x)
965 4496 998 4548 de
1016 4493 1109 4548 colum.
1128 4492 1197 4566 Traj.
1214 4511 1271 4564 pag·
1291 4495 1348 4548 2³5.
1417 4494 1448 4567 y)
1468 4493 1528 4551 lice.
1546 4493 1587 4552 ill.
1606 4515 1661 4564 pag.
1678 4489 1770 4548 XLIX.
1839 4489 1868 4559 ι)
1887 4465 1948 4546 Mil·
1965 4493 1985 4544 l·

309 4613 315 4624 ι
391 4595 417 4646 p.
436 4573 494 4630 tot.
562 4580 588 4646 ι)
606 4582 716 4652 specim.
735 4602 759 4652 p.
778 4584 805 4640 9.
871 4581 940 4650 b)t.
960 4601 980 4635 c.
1050 4576 1078 4642 c)
1096 4580 1128 4632 ad
1144 4575 1244 4634 Jobert
1264 4577 1331 4632 ht
1349 4599 1376 4650 ιι.
1394 4576 1436 4634 66.
1453 4599 1527 4662 req.¹
1564 4578 1609 4650 d)
1625 4599 1683 4650 prg-
1701 4576 1743 4631 68.
