<?xml version="1.0" encoding="UTF-8"?>
<!DOCTYPE html PUBLIC "-//W3C//DTD XHTML 1.0 Transitional//EN"
    "http://www.w3.org/TR/xhtml1/DTD/xhtml1-transitional.dtd">
<html xmlns="http://www.w3.org/1999/xhtml" xml:lang="en" lang="en">
 <head>
  <title>
</title>
<meta http-equiv="Content-Type" content="text/html;charset=utf-8" />
  <meta name='ocr-system' content='tesseract 3.04.00' />
  <meta name='ocr-capabilities' content='ocr_page ocr_carea ocr_par ocr_line ocrx_word'/>
</head>
<body>
  <div class='ocr_page' id='page_1' title='image "./doctrinanvmorvm04grangoog_0164.png"; bbox 0 0 4472 5472; ppageno 0'>
   <div class='ocr_carea' id='block_1_1' title="bbox 845 437 1863 596">
    <p class='ocr_par' dir='ltr' id='par_1_1' title="bbox 845 437 1863 596">
     <span class='ocr_line' id='line_1_1' title="bbox 845 437 1863 596; baseline 0.004 -54"><span class='ocrx_word' id='word_1_1' title='bbox 845 437 1104 578; x_wconf 84' lang='lat' dir='ltr'>CAPVT</span> <span class='ocrx_word' id='word_1_2' title='bbox 1154 471 1246 542; x_wconf 83' lang='lat' dir='ltr'><strong>XXI.</strong></span> <span class='ocrx_word' id='word_1_3' title='bbox 1394 475 1397 488; x_wconf 83' lang='lat'>‘</span> <span class='ocrx_word' id='word_1_4' title='bbox 1476 437 1487 448; x_wconf 26' lang='lat'>³</span> <span class='ocrx_word' id='word_1_5' title='bbox 1561 566 1614 596; x_wconf 51' lang='lat'>·,</span> <span class='ocrx_word' id='word_1_6' title='bbox 1716 469 1863 550; x_wconf 82' lang='grc' dir='ltr'>ιἰιιιιιι</span> 
     </span>
    </p>
   </div>
   <div class='ocr_carea' id='block_1_2' title="bbox 186 599 1900 1138">
    <p class='ocr_par' dir='ltr' id='par_1_2' title="bbox 186 599 1900 1134">
     <span class='ocr_line' id='line_1_2' title="bbox 332 599 1900 726; baseline 0 -24"><span class='ocrx_word' id='word_1_7' title='bbox 332 638 500 726; x_wconf 67' lang='lat' dir='ltr'>Metellum.</span> <span class='ocrx_word' id='word_1_8' title='bbox 546 624 698 699; x_wconf 83' lang='lat' dir='ltr'>Nullus</span> <span class='ocrx_word' id='word_1_9' title='bbox 689 655 722 700; x_wconf 92' lang='lat' dir='ltr'>ru</span> <span class='ocrx_word' id='word_1_10' title='bbox 751 633 812 699; x_wconf 93' lang='lat' dir='ltr'>hac</span> <span class='ocrx_word' id='word_1_11' title='bbox 837 606 918 699; x_wconf 80' lang='lat' dir='ltr'>aeris</span> <span class='ocrx_word' id='word_1_12' title='bbox 945 599 1030 714; x_wconf 73' lang='lat' dir='ltr'>usus,</span> <span class='ocrx_word' id='word_1_13' title='bbox 1063 632 1110 697; x_wconf 93' lang='grc' dir='ltr'>ιιι</span> <span class='ocrx_word' id='word_1_14' title='bbox 1140 631 1190 698; x_wconf 90' lang='lat' dir='ltr'>his</span> <span class='ocrx_word' id='word_1_15' title='bbox 1234 630 1386 698; x_wconf 88' lang='lat' dir='ltr'>volumini</span> <span class='ocrx_word' id='word_1_16' title='bbox 1430 629 1616 716; x_wconf 80' lang='lat' dir='ltr'>detrahitur,</span> <span class='ocrx_word' id='word_1_17' title='bbox 1662 646 1900 724; x_wconf 71' lang='lat' dir='ltr'><strong>compensat</strong></span> 
     </span>
     <span class='ocr_line' id='line_1_3' title="bbox 249 727 1174 824; baseline -0.007 -18"><span class='ocrx_word' id='word_1_18' title='bbox 249 737 312 824; x_wconf 91' lang='lat' dir='ltr'>(de</span> <span class='ocrx_word' id='word_1_19' title='bbox 339 737 533 810; x_wconf 85' lang='lat' dir='ltr'>Graecorum</span> <span class='ocrx_word' id='word_1_20' title='bbox 562 735 615 800; x_wconf 91' lang='lat' dir='ltr'>hic</span> <span class='ocrx_word' id='word_1_21' title='bbox 637 743 767 802; x_wconf 87' lang='lat' dir='ltr'>moneta</span> <span class='ocrx_word' id='word_1_22' title='bbox 793 735 929 820; x_wconf 82' lang='lat' dir='ltr'>agimus,</span> <span class='ocrx_word' id='word_1_23' title='bbox 965 755 1031 800; x_wconf 90' lang='lat' dir='ltr'>non</span> <span class='ocrx_word' id='word_1_24' title='bbox 1063 727 1174 820; x_wconf 87' lang='lat' dir='ltr'>massa.</span> 
     </span>
     <span class='ocr_line' id='line_1_4' title="bbox 252 829 1843 938; baseline 0.001 -32"><span class='ocrx_word' id='word_1_25' title='bbox 252 839 293 906; x_wconf 91' lang='lat' dir='ltr'>de</span> <span class='ocrx_word' id='word_1_26' title='bbox 315 839 416 906; x_wconf 88' lang='lat' dir='ltr'>numis</span> <span class='ocrx_word' id='word_1_27' title='bbox 438 838 545 904; x_wconf 88' lang='lat' dir='ltr'>Itahae</span> <span class='ocrx_word' id='word_1_28' title='bbox 566 835 737 918; x_wconf 89' lang='lat' dir='ltr'>mediae&#39;,</span> <span class='ocrx_word' id='word_1_29' title='bbox 728 859 761 902; x_wconf 90' lang='grc' dir='ltr'>ιιι</span> <span class='ocrx_word' id='word_1_30' title='bbox 783 859 844 926; x_wconf 87' lang='lat' dir='ltr'>qua</span> <span class='ocrx_word' id='word_1_31' title='bbox 866 835 951 902; x_wconf 88' lang='lat' dir='ltr'>aliud</span> <span class='ocrx_word' id='word_1_32' title='bbox 972 837 1049 902; x_wconf 93' lang='lat' dir='ltr'>oh·</span> <span class='ocrx_word' id='word_1_33' title='bbox 1094 829 1269 922; x_wconf 47' lang='lat' dir='ltr'>[Contra</span> <span class='ocrx_word' id='word_1_34' title='bbox 1289 835 1375 903; x_wconf 87' lang='lat' dir='ltr'>fuere</span> <span class='ocrx_word' id='word_1_35' title='bbox 1395 837 1550 923; x_wconf 81' lang='lat' dir='ltr'>regiones,</span> <span class='ocrx_word' id='word_1_36' title='bbox 1573 840 1606 916; x_wconf 79' lang='lat' dir='ltr'>iu</span> <span class='ocrx_word' id='word_1_37' title='bbox 1629 861 1757 938; x_wconf 83' lang='lat' dir='ltr'>quarum</span> <span class='ocrx_word' id='word_1_38' title='bbox 1777 861 1843 906; x_wconf 92' lang='lat' dir='ltr'>mo·</span> 
     </span>
     <span class='ocr_line' id='line_1_5' title="bbox 186 937 1896 1030; baseline 0.001 -23"><span class='ocrx_word' id='word_1_39' title='bbox 186 989 190 998; x_wconf 83' lang='lat'>·</span> <span class='ocrx_word' id='word_1_40' title='bbox 250 941 366 1027; x_wconf 85' lang='lat' dir='ltr'>tinuit)</span> <span class='ocrx_word' id='word_1_41' title='bbox 389 952 548 1028; x_wconf 79' lang='lat' dir='ltr'>argentum</span> <span class='ocrx_word' id='word_1_42' title='bbox 571 961 640 1005; x_wconf 87' lang='lat' dir='ltr'>cunr</span> <span class='ocrx_word' id='word_1_43' title='bbox 662 961 753 1030; x_wconf 81' lang='lat' dir='ltr'>aurp,</span> <span class='ocrx_word' id='word_1_44' title='bbox 776 938 849 1006; x_wconf 82' lang='lat' dir='ltr'>sed</span> <span class='ocrx_word' id='word_1_45' title='bbox 855 940 919 1006; x_wconf 91' lang='lat' dir='ltr'>hoo</span> <span class='ocrx_word' id='word_1_46' title='bbox 939 940 1029 1005; x_wconf 90' lang='lat' dir='ltr'>raris·</span> <span class='ocrx_word' id='word_1_47' title='bbox 1064 945 1136 1005; x_wconf 89' lang='lat' dir='ltr'>neta</span> <span class='ocrx_word' id='word_1_48' title='bbox 1164 937 1298 1010; x_wconf 79' lang='lat' dir='ltr'>orbiculi</span> <span class='ocrx_word' id='word_1_49' title='bbox 1324 940 1477 1020; x_wconf 87' lang='lat' dir='ltr'>tenuitas,</span> <span class='ocrx_word' id='word_1_50' title='bbox 1513 950 1544 1006; x_wconf 89' lang='lat' dir='ltr'>et</span> <span class='ocrx_word' id='word_1_51' title='bbox 1572 941 1749 1010; x_wconf 77' lang='lat' dir='ltr'>rotunditas</span> <span class='ocrx_word' id='word_1_52' title='bbox 1773 963 1896 1028; x_wconf 89' lang='lat' dir='ltr'>per·</span> 
     </span>
     <span class='ocr_line' id='line_1_6' title="bbox 227 1029 1842 1138; baseline 0.001 -29"><span class='ocrx_word' id='word_1_53' title='bbox 227 1044 348 1126; x_wconf 60' lang='lat' dir='ltr'>aimo,</span> <span class='ocrx_word' id='word_1_54' title='bbox 381 1043 484 1114; x_wconf 86' lang='lat' dir='ltr'>solum</span> <span class='ocrx_word' id='word_1_55' title='bbox 499 1029 750 1138; x_wconf 81' lang='lat' dir='ltr'>dominabatur,</span> <span class='ocrx_word' id='word_1_56' title='bbox 783 1031 824 1108; x_wconf 92' lang='lat' dir='ltr'>de</span> <span class='ocrx_word' id='word_1_57' title='bbox 851 1063 915 1129; x_wconf 91' lang='lat' dir='ltr'>quo</span> <span class='ocrx_word' id='word_1_58' title='bbox 942 1061 1030 1128; x_wconf 86' lang='lat' dir='ltr'>argu·</span> <span class='ocrx_word' id='word_1_59' title='bbox 1064 1038 1174 1105; x_wconf 77' lang='lat' dir='ltr'>tectim</span> <span class='ocrx_word' id='word_1_60' title='bbox 1218 1049 1335 1126; x_wconf 86' lang='lat' dir='ltr'>certum</span> <span class='ocrx_word' id='word_1_61' title='bbox 1380 1043 1605 1108; x_wconf 80' lang='lat' dir='ltr'>remotissimae</span> <span class='ocrx_word' id='word_1_62' title='bbox 1653 1043 1842 1134; x_wconf 84' lang='lat' dir='ltr'>aptiqnitatis</span> 
     </span>
    </p>
   </div>
   <div class='ocr_carea' id='block_1_3' title="bbox 252 1125 1958 1234">
    <p class='ocr_par' dir='ltr' id='par_1_3' title="bbox 252 1125 1958 1234">
     <span class='ocr_line' id='line_1_7' title="bbox 252 1125 1958 1234; baseline 0 -23"><span class='ocrx_word' id='word_1_63' title='bbox 252 1154 357 1212; x_wconf 84' lang='lat' dir='ltr'>mento</span> <span class='ocrx_word' id='word_1_64' title='bbox 379 1146 557 1234; x_wconf 85' lang='lat' dir='ltr'>supralata</span> <span class='ocrx_word' id='word_1_65' title='bbox 579 1125 696 1232; x_wconf 80' lang='lat' dir='ltr'>egimus</span> <span class='ocrx_word' id='word_1_66' title='bbox 719 1144 819 1231; x_wconf 89' lang='lat' dir='ltr'>capite</span> <span class='ocrx_word' id='word_1_67' title='bbox 839 1145 926 1212; x_wconf 85' lang='lat' dir='ltr'>VllL</span> <span class='ocrx_word' id='word_1_68' title='bbox 1062 1142 1289 1208; x_wconf 87' lang='lat' dir='ltr'>characterem</span> <span class='ocrx_word' id='word_1_69' title='bbox 1306 1143 1504 1209; x_wconf 89' lang='lat' dir='ltr'>constituunt.</span> <span class='ocrx_word' id='word_1_70' title='bbox 1571 1145 1687 1224; x_wconf 83' lang='lat' dir='ltr'>Confer</span> <span class='ocrx_word' id='word_1_71' title='bbox 1730 1166 1842 1211; x_wconf 90' lang='lat' dir='ltr'>numos</span> <span class='ocrx_word' id='word_1_72' title='bbox 1900 1173 1904 1182; x_wconf 92' lang='lat'><em>·</em></span> <span class='ocrx_word' id='word_1_73' title='bbox 1954 1217 1958 1227; x_wconf 64' lang='grc'><em>,</em></span> 
     </span>
    </p>
   </div>
   <div class='ocr_carea' id='block_1_4' title="bbox 249 1243 1949 2479">
    <p class='ocr_par' dir='ltr' id='par_1_4' title="bbox 249 1243 1949 2456">
     <span class='ocr_line' id='line_1_8' title="bbox 337 1243 1842 1335; baseline -0.001 -21"><span class='ocrx_word' id='word_1_74' title='bbox 337 1251 493 1334; x_wconf 73' lang='lat' dir='ltr'>hnmptic</span> <span class='ocrx_word' id='word_1_75' title='bbox 525 1269 620 1335; x_wconf 89' lang='lat' dir='ltr'>saepe</span> <span class='ocrx_word' id='word_1_76' title='bbox 651 1245 745 1313; x_wconf 89' lang='lat' dir='ltr'>nulla.</span> <span class='ocrx_word' id='word_1_77' title='bbox 811 1247 900 1325; x_wconf 87' lang='lat' dir='ltr'>Quae</span> <span class='ocrx_word' id='word_1_78' title='bbox 937 1265 1030 1314; x_wconf 88' lang='lat' dir='ltr'>causa</span> <span class='ocrx_word' id='word_1_79' title='bbox 1063 1244 1304 1326; x_wconf 82' lang='lat' dir='ltr'>Syracusarum,</span> <span class='ocrx_word' id='word_1_80' title='bbox 1327 1244 1428 1326; x_wconf 81' lang='lat' dir='ltr'>Naxi,</span> <span class='ocrx_word' id='word_1_81' title='bbox 1450 1243 1634 1329; x_wconf 76' lang='lat' dir='ltr'>Abacaeni,</span> <span class='ocrx_word' id='word_1_82' title='bbox 1653 1248 1842 1334; x_wconf 88' lang='lat' dir='ltr'>aliarumque</span> 
     </span>
     <span class='ocr_line' id='line_1_9' title="bbox 252 1345 1859 1448; baseline -0.001 -32"><span class='ocrx_word' id='word_1_83' title='bbox 252 1359 317 1428; x_wconf 87' lang='lat' dir='ltr'>est,</span> <span class='ocrx_word' id='word_1_84' title='bbox 345 1372 400 1417; x_wconf 91' lang='lat' dir='ltr'>cur</span> <span class='ocrx_word' id='word_1_85' title='bbox 416 1345 528 1416; x_wconf 70' lang='lat' dir='ltr'>&#39;mrdtis</span> <span class='ocrx_word' id='word_1_86' title='bbox 550 1350 643 1438; x_wconf 81' lang='lat' dir='ltr'>hujus</span> <span class='ocrx_word' id='word_1_87' title='bbox 670 1347 812 1436; x_wconf 76' lang='lat' dir='ltr'>epochae</span> <span class='ocrx_word' id='word_1_88' title='bbox 837 1347 937 1431; x_wconf 86' lang='lat' dir='ltr'>numis</span> <span class='ocrx_word' id='word_1_89' title='bbox 966 1368 1030 1412; x_wconf 89' lang='lat' dir='ltr'>oer-</span> <span class='ocrx_word' id='word_1_90' title='bbox 1065 1345 1191 1440; x_wconf 79' lang='lat' dir='ltr'>Siciliae</span> <span class='ocrx_word' id='word_1_91' title='bbox 1215 1345 1347 1412; x_wconf 87' lang='lat' dir='ltr'>urbium.</span> <span class='ocrx_word' id='word_1_92' title='bbox 1397 1347 1514 1412; x_wconf 87' lang='lat' dir='ltr'>Tenuis</span> <span class='ocrx_word' id='word_1_93' title='bbox 1541 1350 1632 1414; x_wconf 89' lang='lat' dir='ltr'>etiam</span> <span class='ocrx_word' id='word_1_94' title='bbox 1658 1359 1730 1416; x_wconf 87' lang='lat' dir='ltr'>sunt</span> <span class='ocrx_word' id='word_1_95' title='bbox 1755 1349 1859 1448; x_wconf 69' lang='lat' dir='ltr'>lami-¹</span> 
     </span>
     <span class='ocr_line' id='line_1_10' title="bbox 250 1437 1944 1546; baseline -0.001 -28"><span class='ocrx_word' id='word_1_96' title='bbox 250 1461 311 1518; x_wconf 87' lang='lat' dir='ltr'>tem</span> <span class='ocrx_word' id='word_1_97' title='bbox 346 1454 476 1540; x_wconf 88' lang='lat' dir='ltr'>patriam</span> <span class='ocrx_word' id='word_1_98' title='bbox 511 1437 578 1520; x_wconf 87' lang='lat' dir='ltr'>non</span> <span class='ocrx_word' id='word_1_99' title='bbox 614 1451 785 1538; x_wconf 48' lang='lat' dir='ltr'>possimus,</span> <span class='ocrx_word' id='word_1_100' title='bbox 808 1449 1030 1538; x_wconf 79' lang='lat' dir='ltr'>praescribere.</span> <span class='ocrx_word' id='word_1_101' title='bbox 1064 1469 1124 1512; x_wconf 90' lang='lat' dir='ltr'>nae</span> <span class='ocrx_word' id='word_1_102' title='bbox 1156 1448 1240 1512; x_wconf 91' lang='lat' dir='ltr'>numi</span> <span class='ocrx_word' id='word_1_103' title='bbox 1270 1449 1422 1514; x_wconf 86' lang='lat' dir='ltr'>variarum</span> <span class='ocrx_word' id='word_1_104' title='bbox 1453 1447 1501 1514; x_wconf 85' lang='lat' dir='ltr'>M.</span> <span class='ocrx_word' id='word_1_105' title='bbox 1529 1451 1677 1546; x_wconf 73' lang='lat' dir='ltr'>Graeciae</span> <span class='ocrx_word' id='word_1_106' title='bbox 1709 1451 1840 1530; x_wconf 89' lang='lat' dir='ltr'>urbium,</span> <span class='ocrx_word' id='word_1_107' title='bbox 1938 1466 1944 1476; x_wconf 92' lang='grc'><strong><em>’</em></strong></span> 
     </span>
     <span class='ocr_line' id='line_1_11' title="bbox 249 1549 1841 1648; baseline -0.001 -29"><span class='ocrx_word' id='word_1_108' title='bbox 249 1549 447 1648; x_wconf 85' lang='lat' dir='ltr'>Vide&#39;hujus</span> <span class='ocrx_word' id='word_1_109' title='bbox 466 1557 590 1642; x_wconf 86' lang='lat' dir='ltr'>generis</span> <span class='ocrx_word' id='word_1_110' title='bbox 617 1575 684 1621; x_wconf 92' lang='lat' dir='ltr'>non</span> <span class='ocrx_word' id='word_1_111' title='bbox 709 1575 828 1642; x_wconf 89' lang='lat' dir='ltr'>paucos</span> <span class='ocrx_word' id='word_1_112' title='bbox 856 1551 939 1640; x_wconf 90' lang='lat' dir='ltr'>apud</span> <span class='ocrx_word' id='word_1_113' title='bbox 960 1549 1030 1616; x_wconf 85' lang='lat' dir='ltr'>Pel·</span> <span class='ocrx_word' id='word_1_114' title='bbox 1063 1550 1148 1636; x_wconf 92' lang='lat' dir='ltr'>iique</span> <span class='ocrx_word' id='word_1_115' title='bbox 1181 1571 1289 1626; x_wconf 86' lang='lat' dir='ltr'>omnes</span> <span class='ocrx_word' id='word_1_116' title='bbox 1321 1551 1535 1632; x_wconf 77' lang='lat' dir='ltr'>vetustissimi,</span> <span class='ocrx_word' id='word_1_117' title='bbox 1578 1553 1633 1639; x_wconf 51' lang='lat' dir='ltr'>¹qui</span> <span class='ocrx_word' id='word_1_118' title='bbox 1664 1562 1773 1646; x_wconf 84' lang='lat' dir='ltr'>typum</span> <span class='ocrx_word' id='word_1_119' title='bbox 1807 1554 1841 1618; x_wconf 93' lang='lat' dir='ltr'>in</span> 
     </span>
     <span class='ocr_line' id='line_1_12' title="bbox 250 1650 1595 1746; baseline -0.004 -25"><span class='ocrx_word' id='word_1_120' title='bbox 250 1653 405 1738; x_wconf 87' lang='lat' dir='ltr'>lerinium,</span> <span class='ocrx_word' id='word_1_121' title='bbox 450 1657 549 1740; x_wconf 78' lang='lat' dir='ltr'>(Rea</span> <span class='ocrx_word' id='word_1_122' title='bbox 577 1657 634 1723; x_wconf 87' lang='lat'><em>111.</em></span> <span class='ocrx_word' id='word_1_123' title='bbox 665 1657 728 1722; x_wconf 88' lang='lat' dir='ltr'>tab.</span> <span class='ocrx_word' id='word_1_124' title='bbox 760 1653 881 1739; x_wconf 87' lang='lat' dir='ltr'>CXV.)</span> <span class='ocrx_word' id='word_1_125' title='bbox 918 1660 957 1746; x_wconf 29' lang='lat' dir='ltr'>’et</span> <span class='ocrx_word' id='word_1_126' title='bbox 975 1661 978 1672; x_wconf 80' lang='grc'><em>’</em></span> <span class='ocrx_word' id='word_1_127' title='bbox 997 1650 1031 1714; x_wconf 90' lang='lat' dir='ltr'>in</span> <span class='ocrx_word' id='word_1_128' title='bbox 1065 1671 1173 1717; x_wconf 86' lang='lat' dir='ltr'>aversa</span> <span class='ocrx_word' id='word_1_129' title='bbox 1194 1652 1333 1717; x_wconf 87' lang='lat' dir='ltr'>incusum</span> <span class='ocrx_word' id='word_1_130' title='bbox 1356 1651 1498 1718; x_wconf 81' lang='lat' dir='ltr'>offerunt.</span> <span class='ocrx_word' id='word_1_131' title='bbox 1551 1669 1554 1674; x_wconf 87' lang='lat'>·</span> <span class='ocrx_word' id='word_1_132' title='bbox 1592 1691 1595 1696; x_wconf 90' lang='lat'>-</span> 
     </span>
     <span class='ocr_line' id='line_1_13' title="bbox 249 1751 1840 1841; baseline -0.001 -19"><span class='ocrx_word' id='word_1_133' title='bbox 249 1779 357 1824; x_wconf 90' lang='lat' dir='ltr'>museo</span> <span class='ocrx_word' id='word_1_134' title='bbox 392 1757 538 1823; x_wconf 87' lang='lat' dir='ltr'>Hunteri.</span> <span class='ocrx_word' id='word_1_135' title='bbox 584 1757 684 1841; x_wconf 84' lang='lat' dir='ltr'>(Tab.</span> <span class='ocrx_word' id='word_1_136' title='bbox 714 1755 788 1840; x_wconf 82' lang='lat'><strong>66.)</strong></span> <span class='ocrx_word' id='word_1_137' title='bbox 833 1756 910 1821; x_wconf 88' lang='lat' dir='ltr'>Cum</span> <span class='ocrx_word' id='word_1_138' title='bbox 943 1752 1032 1818; x_wconf 86' lang='lat' dir='ltr'>adest</span> <span class='ocrx_word' id='word_1_139' title='bbox 1095 1756 1098 1764; x_wconf 87' lang='lat'>&#39;</span> <span class='ocrx_word' id='word_1_140' title='bbox 1152 1751 1342 1832; x_wconf 77' lang='lat' dir='ltr'>Quadratum</span> <span class='ocrx_word' id='word_1_141' title='bbox 1368 1753 1500 1820; x_wconf 85' lang='lat' dir='ltr'>informe</span> <span class='ocrx_word' id='word_1_142' title='bbox 1527 1756 1610 1840; x_wconf 88' lang='lat' dir='ltr'>parti</span> <span class='ocrx_word' id='word_1_143' title='bbox 1640 1775 1766 1822; x_wconf 87' lang='lat' dir='ltr'>aversae</span> <span class='ocrx_word' id='word_1_144' title='bbox 1796 1755 1840 1820; x_wconf 93' lang='lat' dir='ltr'>in·</span> 
     </span>
     <span class='ocr_line' id='line_1_14' title="bbox 251 1843 1877 1946; baseline -0.001 -22"><span class='ocrx_word' id='word_1_145' title='bbox 251 1857 435 1946; x_wconf 75' lang='lat' dir='ltr'>inscriptio,</span> <span class='ocrx_word' id='word_1_146' title='bbox 464 1857 598 1944; x_wconf 80' lang='lat' dir='ltr'>simplex</span> <span class='ocrx_word' id='word_1_147' title='bbox 621 1880 658 1924; x_wconf 92' lang='lat' dir='ltr'>ea</span> <span class='ocrx_word' id='word_1_148' title='bbox 678 1866 742 1943; x_wconf 87' lang='lat' dir='ltr'>est,</span> <span class='ocrx_word' id='word_1_149' title='bbox 769 1867 801 1923; x_wconf 86' lang='lat' dir='ltr'>et</span> <span class='ocrx_word' id='word_1_150' title='bbox 822 1877 933 1944; x_wconf 88' lang='lat' dir='ltr'>parca,</span> <span class='ocrx_word' id='word_1_151' title='bbox 952 1853 1032 1920; x_wconf 84' lang='lat' dir='ltr'>¹sola</span> <span class='ocrx_word' id='word_1_152' title='bbox 1062 1867 1189 1938; x_wconf 82' lang='grc' dir='ltr'>ὀιιειιιιι,</span> <span class='ocrx_word' id='word_1_153' title='bbox 1233 1853 1274 1922; x_wconf 90' lang='lat' dir='ltr'>de</span> <span class='ocrx_word' id='word_1_154' title='bbox 1300 1859 1388 1940; x_wconf 74' lang='lat' dir='ltr'>cujus</span> <span class='ocrx_word' id='word_1_155' title='bbox 1415 1845 1524 1920; x_wconf 86' lang='lat' dir='ltr'>natura</span> <span class='ocrx_word' id='word_1_156' title='bbox 1555 1865 1586 1921; x_wconf 88' lang='lat' dir='ltr'>et</span> <span class='ocrx_word' id='word_1_157' title='bbox 1613 1858 1714 1922; x_wconf 87' lang='lat' dir='ltr'>causis</span> <span class='ocrx_word' id='word_1_158' title='bbox 1741 1865 1842 1922; x_wconf 79' lang='lat' dir='ltr'>acham</span> <span class='ocrx_word' id='word_1_159' title='bbox 1873 1843 1877 1850; x_wconf 55' lang='grc'>’</span> 
     </span>
     <span class='ocr_line' id='line_1_15' title="bbox 251 1952 1840 2044; baseline -0.003 -19"><span class='ocrx_word' id='word_1_160' title='bbox 251 1959 339 2025; x_wconf 88' lang='lat' dir='ltr'>urbis</span> <span class='ocrx_word' id='word_1_161' title='bbox 366 1959 527 2026; x_wconf 85' lang='lat' dir='ltr'>mentione</span> <span class='ocrx_word' id='word_1_162' title='bbox 551 1968 716 2040; x_wconf 88' lang='lat' dir='ltr'>contenta,</span> <span class='ocrx_word' id='word_1_163' title='bbox 749 1952 900 2044; x_wconf 89' lang='lat' dir='ltr'>nulloque</span> <span class='ocrx_word' id='word_1_164' title='bbox 925 1955 1031 2024; x_wconf 86' lang='lat' dir='ltr'>inscri-</span> <span class='ocrx_word' id='word_1_165' title='bbox 1065 1959 1165 2044; x_wconf 90' lang='lat' dir='ltr'>capite</span> <span class='ocrx_word' id='word_1_166' title='bbox 1186 1955 1262 2025; x_wconf 88' lang='lat' dir='ltr'>XII.</span> <span class='ocrx_word' id='word_1_167' title='bbox 1283 1960 1350 2038; x_wconf 87' lang='lat'>§2.,</span> <span class='ocrx_word' id='word_1_168' title='bbox 1373 1956 1560 2023; x_wconf 86' lang='lat' dir='ltr'>certissimus</span> <span class='ocrx_word' id='word_1_169' title='bbox 1582 1967 1630 2024; x_wconf 89' lang='lat' dir='ltr'>est</span> <span class='ocrx_word' id='word_1_170' title='bbox 1646 1959 1742 2043; x_wconf 36' lang='lat' dir='ltr'>,hujus</span> <span class='ocrx_word' id='word_1_171' title='bbox 1764 1977 1840 2044; x_wconf 90' lang='lat' dir='ltr'>epo·</span> 
     </span>
     <span class='ocr_line' id='line_1_16' title="bbox 252 2057 1949 2153; baseline -0.004 -25"><span class='ocrx_word' id='word_1_172' title='bbox 252 2070 310 2147; x_wconf 88' lang='lat' dir='ltr'>pto</span> <span class='ocrx_word' id='word_1_173' title='bbox 332 2061 544 2148; x_wconf 80' lang='lat' dir='ltr'>magistratu,</span> <span class='ocrx_word' id='word_1_174' title='bbox 547 2061 654 2128; x_wconf 86' lang='lat' dir='ltr'>aliisve</span> <span class='ocrx_word' id='word_1_175' title='bbox 675 2059 798 2152; x_wconf 84' lang='lat' dir='ltr'>indiciis</span> <span class='ocrx_word' id='word_1_176' title='bbox 821 2060 854 2124; x_wconf 89' lang='lat' dir='ltr'>in</span> <span class='ocrx_word' id='word_1_177' title='bbox 874 2057 1030 2126; x_wconf 79' lang='lat' dir='ltr'>inferioris</span> <span class='ocrx_word' id='word_1_178' title='bbox 1065 2059 1142 2134; x_wconf 82' lang='lat' dir='ltr'>chae</span> <span class='ocrx_word' id='word_1_179' title='bbox 1163 2057 1260 2124; x_wconf 84' lang='lat' dir='ltr'>testis.</span> <span class='ocrx_word' id='word_1_180' title='bbox 1350 2077 1356 2100; x_wconf 64' lang='grc' dir='ltr'>ι</span> <span class='ocrx_word' id='word_1_181' title='bbox 1940 2121 1949 2153; x_wconf 54' lang='grc' dir='ltr'><strong><em>Ι</em></strong></span> 
     </span>
     <span class='ocr_line' id='line_1_17' title="bbox 253 2141 1914 2247; baseline -0.002 -17"><span class='ocrx_word' id='word_1_182' title='bbox 253 2165 322 2231; x_wconf 87' lang='lat' dir='ltr'>aeri</span> <span class='ocrx_word' id='word_1_183' title='bbox 344 2172 470 2232; x_wconf 74' lang='lat' dir='ltr'>monem</span> <span class='ocrx_word' id='word_1_184' title='bbox 484 2162 604 2232; x_wconf 77' lang='lat' dir='ltr'>obviis.</span> <span class='ocrx_word' id='word_1_185' title='bbox 647 2165 696 2230; x_wconf 83' lang='lat' dir='ltr'>Ea</span> <span class='ocrx_word' id='word_1_186' title='bbox 716 2141 768 2230; x_wconf 80' lang='lat' dir='ltr'>&#39;vet</span> <span class='ocrx_word' id='word_1_187' title='bbox 789 2171 874 2243; x_wconf 83' lang='lat' dir='ltr'>recta</span> <span class='ocrx_word' id='word_1_188' title='bbox 895 2172 958 2242; x_wconf 88' lang='lat' dir='ltr'>est,</span> <span class='ocrx_word' id='word_1_189' title='bbox 979 2159 1031 2227; x_wconf 81' lang='lat' dir='ltr'>rel</span> <span class='ocrx_word' id='word_1_190' title='bbox 1149 2160 1277 2247; x_wconf 83' lang='lat' dir='ltr'>Typi</span> <span class='ocrx_word' id='word_1_191' title='bbox 1267 2181 1301 2227; x_wconf 89' lang='grc' dir='ltr'>ιιι</span> <span class='ocrx_word' id='word_1_192' title='bbox 1332 2171 1420 2247; x_wconf 86' lang='lat' dir='ltr'>parte</span> <span class='ocrx_word' id='word_1_193' title='bbox 1451 2163 1552 2228; x_wconf 87' lang='lat' dir='ltr'>antica</span> <span class='ocrx_word' id='word_1_194' title='bbox 1585 2173 1763 2242; x_wconf 79' lang='lat' dir='ltr'>exstames,</span> <span class='ocrx_word' id='word_1_195' title='bbox 1805 2161 1840 2226; x_wconf 91' lang='lat' dir='ltr'>in</span> <span class='ocrx_word' id='word_1_196' title='bbox 1910 2165 1914 2174; x_wconf 87' lang='lat'>&#39;</span> 
     </span>
     <span class='ocr_line' id='line_1_18' title="bbox 251 2264 1841 2362; baseline -0.002 -30"><span class='ocrx_word' id='word_1_197' title='bbox 251 2265 442 2354; x_wconf 74' lang='lat' dir='ltr'>retrograda,</span> <span class='ocrx_word' id='word_1_198' title='bbox 463 2265 524 2348; x_wconf 82' lang='lat' dir='ltr'>vel,</span> <span class='ocrx_word' id='word_1_199' title='bbox 552 2285 644 2353; x_wconf 88' lang='lat' dir='ltr'>quam</span> <span class='ocrx_word' id='word_1_200' title='bbox 663 2265 918 2353; x_wconf 67' lang='grc' dir='ltr'>βουστροφιιὸοι</span> <span class='ocrx_word' id='word_1_201' title='bbox 938 2284 1031 2328; x_wconf 87' lang='lat' dir='ltr'>voca·</span> <span class='ocrx_word' id='word_1_202' title='bbox 1064 2284 1172 2329; x_wconf 80' lang='lat' dir='ltr'>aversa</span> <span class='ocrx_word' id='word_1_203' title='bbox 1192 2264 1359 2330; x_wconf 89' lang='lat' dir='ltr'>introrsum</span> <span class='ocrx_word' id='word_1_204' title='bbox 1382 2265 1461 2346; x_wconf 89' lang='lat' dir='ltr'>cusi,</span> <span class='ocrx_word' id='word_1_205' title='bbox 1485 2267 1537 2362; x_wconf 90' lang='lat' dir='ltr'>qui</span> <span class='ocrx_word' id='word_1_206' title='bbox 1558 2265 1687 2348; x_wconf 89' lang='lat' dir='ltr'>modus,</span> <span class='ocrx_word' id='word_1_207' title='bbox 1701 2266 1744 2330; x_wconf 89' lang='grc' dir='ltr'>ιιι</span> <span class='ocrx_word' id='word_1_208' title='bbox 1765 2284 1841 2330; x_wconf 80' lang='lat' dir='ltr'>mox</span> 
     </span>
     <span class='ocr_line' id='line_1_19' title="bbox 250 2343 1899 2479; baseline -0.003 -43"><span class='ocrx_word' id='word_1_209' title='bbox 250 2389 335 2450; x_wconf 81' lang='lat' dir='ltr'>mus;</span> <span class='ocrx_word' id='word_1_210' title='bbox 380 2367 439 2436; x_wconf 86' lang='lat' dir='ltr'>sed</span> <span class='ocrx_word' id='word_1_211' title='bbox 468 2369 495 2435; x_wconf 89' lang='lat' dir='ltr'>ai</span> <span class='ocrx_word' id='word_1_212' title='bbox 520 2367 749 2456; x_wconf 85' lang='lat' dir='ltr'>posterioribus</span> <span class='ocrx_word' id='word_1_213' title='bbox 775 2365 899 2434; x_wconf 88' lang='lat' dir='ltr'>duobus</span> <span class='ocrx_word' id='word_1_214' title='bbox 927 2364 1031 2432; x_wconf 88' lang='lat' dir='ltr'>modia</span> <span class='ocrx_word' id='word_1_215' title='bbox 1064 2363 1217 2479; x_wconf 64' lang='lat' dir='ltr'>diaetam,</span> <span class='ocrx_word' id='word_1_216' title='bbox 1261 2367 1340 2432; x_wconf 85' lang='lat' dir='ltr'>fuit</span> <span class='ocrx_word' id='word_1_217' title='bbox 1350 2366 1479 2434; x_wconf 85' lang='lat' dir='ltr'>urbibus</span> <span class='ocrx_word' id='word_1_218' title='bbox 1510 2343 1558 2434; x_wconf 91' lang='lat' dir='ltr'>M</span> <span class='ocrx_word' id='word_1_219' title='bbox 1586 2368 1736 2436; x_wconf 84' lang='lat' dir='ltr'>Graeciae</span> <span class='ocrx_word' id='word_1_220' title='bbox 1768 2385 1840 2454; x_wconf 85' lang='lat' dir='ltr'>pro·</span> <span class='ocrx_word' id='word_1_221' title='bbox 1894 2371 1899 2374; x_wconf 79' lang='grc'><strong>’</strong></span> 
     </span>
    </p>
   </div>
   <div class='ocr_carea' id='block_1_5' title="bbox 125 2455 1841 2558">
    <p class='ocr_par' dir='ltr' id='par_1_5' title="bbox 125 2455 1841 2558">
     <span class='ocr_line' id='line_1_20' title="bbox 125 2455 1841 2558; baseline -0.002 -20"><span class='ocrx_word' id='word_1_222' title='bbox 125 2529 133 2546; x_wconf 38' lang='grc' dir='ltr'>ι</span> <span class='ocrx_word' id='word_1_223' title='bbox 249 2472 420 2558; x_wconf 80' lang='lat' dir='ltr'>peragitur,</span> <span class='ocrx_word' id='word_1_224' title='bbox 464 2469 648 2557; x_wconf 87' lang='lat' dir='ltr'>plerumque</span> <span class='ocrx_word' id='word_1_225' title='bbox 680 2478 799 2536; x_wconf 91' lang='lat' dir='ltr'>tanturn</span> <span class='ocrx_word' id='word_1_226' title='bbox 830 2469 923 2554; x_wconf 87' lang='lat' dir='ltr'>hujus</span> <span class='ocrx_word' id='word_1_227' title='bbox 954 2489 1029 2554; x_wconf 89' lang='lat' dir='ltr'>epo·</span> <span class='ocrx_word' id='word_1_228' title='bbox 1063 2467 1164 2553; x_wconf 89' lang='lat' dir='ltr'>prius,</span> <span class='ocrx_word' id='word_1_229' title='bbox 1201 2477 1233 2533; x_wconf 90' lang='lat' dir='ltr'>et</span> <span class='ocrx_word' id='word_1_230' title='bbox 1265 2467 1305 2534; x_wconf 93' lang='lat' dir='ltr'>de</span> <span class='ocrx_word' id='word_1_231' title='bbox 1338 2489 1401 2556; x_wconf 90' lang='lat' dir='ltr'>quo</span> <span class='ocrx_word' id='word_1_232' title='bbox 1432 2491 1473 2534; x_wconf 85' lang='lat' dir='ltr'>ex</span> <span class='ocrx_word' id='word_1_233' title='bbox 1505 2455 1646 2548; x_wconf 82' lang='lat' dir='ltr'>instituto</span> <span class='ocrx_word' id='word_1_234' title='bbox 1676 2480 1825 2556; x_wconf 82' lang='lat' dir='ltr'>agetur</span> <span class='ocrx_word' id='word_1_235' title='bbox 1809 2471 1841 2534; x_wconf 92' lang='lat' dir='ltr'>in</span> 
     </span>
    </p>
   </div>
   <div class='ocr_carea' id='block_1_6' title="bbox 193 2547 1910 3271">
    <p class='ocr_par' dir='ltr' id='par_1_6' title="bbox 193 2547 1910 3271">
     <span class='ocr_line' id='line_1_21' title="bbox 250 2547 1894 2660; baseline 0.002 -23"><span class='ocrx_word' id='word_1_236' title='bbox 250 2573 344 2655; x_wconf 86' lang='lat' dir='ltr'>chae,</span> <span class='ocrx_word' id='word_1_237' title='bbox 371 2573 471 2640; x_wconf 88' lang='lat' dir='ltr'>minus</span> <span class='ocrx_word' id='word_1_238' title='bbox 493 2572 672 2660; x_wconf 79' lang='lat' dir='ltr'>frequenter</span> <span class='ocrx_word' id='word_1_239' title='bbox 692 2571 848 2640; x_wconf 89' lang='lat' dir='ltr'>secundae</span> <span class='ocrx_word' id='word_1_240' title='bbox 870 2572 928 2636; x_wconf 91' lang='lat' dir='ltr'>erit</span> <span class='ocrx_word' id='word_1_241' title='bbox 949 2569 1029 2638; x_wconf 91' lang='lat' dir='ltr'>indi·</span> <span class='ocrx_word' id='word_1_242' title='bbox 1063 2568 1294 2654; x_wconf 83' lang='lat' dir='ltr'>prolegomenis</span> <span class='ocrx_word' id='word_1_243' title='bbox 1331 2569 1379 2636; x_wconf 89' lang='lat' dir='ltr'>ad</span> <span class='ocrx_word' id='word_1_244' title='bbox 1403 2591 1515 2636; x_wconf 86' lang='lat' dir='ltr'>numos</span> <span class='ocrx_word' id='word_1_245' title='bbox 1545 2570 1716 2652; x_wconf 84' lang='lat' dir='ltr'>Lucaniae,</span> <span class='ocrx_word' id='word_1_246' title='bbox 1760 2547 1842 2638; x_wconf 84' lang='lat' dir='ltr'>hanc</span> <span class='ocrx_word' id='word_1_247' title='bbox 1892 2632 1894 2640; x_wconf 93' lang='lat'><em>.</em></span> 
     </span>
     <span class='ocr_line' id='line_1_22' title="bbox 213 2659 1840 2791; baseline 0.003 -55"><span class='ocrx_word' id='word_1_248' title='bbox 213 2659 219 2674; x_wconf 82' lang='lat'><em>&#39;</em></span> <span class='ocrx_word' id='word_1_249' title='bbox 250 2671 339 2738; x_wconf 92' lang='lat' dir='ltr'>oium.</span> <span class='ocrx_word' id='word_1_250' title='bbox 382 2671 475 2791; x_wconf 85' lang='lat' dir='ltr'>Vide,</span> <span class='ocrx_word' id='word_1_251' title='bbox 499 2696 578 2761; x_wconf 88' lang='lat' dir='ltr'>quae</span> <span class='ocrx_word' id='word_1_252' title='bbox 599 2673 641 2740; x_wconf 91' lang='lat' dir='ltr'>dc</span> <span class='ocrx_word' id='word_1_253' title='bbox 662 2673 711 2741; x_wconf 89' lang='lat' dir='ltr'>his</span> <span class='ocrx_word' id='word_1_254' title='bbox 732 2672 836 2742; x_wconf 85' lang='lat' dir='ltr'>modia</span> <span class='ocrx_word' id='word_1_255' title='bbox 857 2673 948 2778; x_wconf 88' lang='lat' dir='ltr'>plura</span> <span class='ocrx_word' id='word_1_256' title='bbox 969 2670 1030 2740; x_wconf 87' lang='lat' dir='ltr'>aha</span> <span class='ocrx_word' id='word_1_257' title='bbox 1064 2689 1190 2759; x_wconf 88' lang='lat' dir='ltr'>quoqne</span> <span class='ocrx_word' id='word_1_258' title='bbox 1213 2671 1272 2737; x_wconf 86' lang='lat' dir='ltr'>sibi</span> <span class='ocrx_word' id='word_1_259' title='bbox 1295 2672 1494 2758; x_wconf 89' lang='lat' dir='ltr'>epocham</span> <span class='ocrx_word' id='word_1_260' title='bbox 1467 2693 1536 2738; x_wconf 83' lang='lat' dir='ltr'>erne</span> <span class='ocrx_word' id='word_1_261' title='bbox 1559 2673 1656 2740; x_wconf 90' lang='lat' dir='ltr'>dubio</span> <span class='ocrx_word' id='word_1_262' title='bbox 1671 2673 1840 2776; x_wconf 82' lang='lat' dir='ltr'>postulant</span> 
     </span>
     <span class='ocr_line' id='line_1_23' title="bbox 246 2772 1910 2876; baseline -0.001 -32.998"><span class='ocrx_word' id='word_1_263' title='bbox 246 2774 463 2876; x_wconf 80' lang='lat' dir='ltr'>praecepimus</span> <span class='ocrx_word' id='word_1_264' title='bbox 484 2798 579 2864; x_wconf 87' lang='lat' dir='ltr'>supra</span> <span class='ocrx_word' id='word_1_265' title='bbox 601 2778 702 2865; x_wconf 87' lang='lat' dir='ltr'>capite</span> <span class='ocrx_word' id='word_1_266' title='bbox 723 2777 827 2846; x_wconf 84' lang='lat' dir='ltr'>XVII.</span> <span class='ocrx_word' id='word_1_267' title='bbox 1150 2772 1289 2840; x_wconf 83' lang='lat' dir='ltr'>Circulos</span> <span class='ocrx_word' id='word_1_268' title='bbox 1312 2783 1441 2840; x_wconf 85' lang='lat' dir='ltr'>ornatus</span> <span class='ocrx_word' id='word_1_269' title='bbox 1466 2781 1635 2839; x_wconf 77' lang='lat' dir='ltr'>eruemum</span> <span class='ocrx_word' id='word_1_270' title='bbox 1656 2778 1741 2850; x_wconf 84' lang='lat' dir='ltr'>numi</span> <span class='ocrx_word' id='word_1_271' title='bbox 1760 2797 1840 2844; x_wconf 90' lang='lat' dir='ltr'>mar·</span> <span class='ocrx_word' id='word_1_272' title='bbox 1907 2779 1910 2786; x_wconf 84' lang='lat'>&#39;</span> 
     </span>
     <span class='ocr_line' id='line_1_24' title="bbox 231 2873 1839 2967; baseline 0.001 -25"><span class='ocrx_word' id='word_1_273' title='bbox 231 2881 238 2892; x_wconf 91' lang='lat'>&#39;</span> <span class='ocrx_word' id='word_1_274' title='bbox 334 2878 512 2946; x_wconf 73' lang='lat' dir='ltr'>Laecam</span> <span class='ocrx_word' id='word_1_275' title='bbox 504 2880 639 2960; x_wconf 72' lang='lat' dir='ltr'>scema</span> <span class='ocrx_word' id='word_1_276' title='bbox 696 2881 788 2946; x_wconf 90' lang='lat' dir='ltr'>Hanc</span> <span class='ocrx_word' id='word_1_277' title='bbox 814 2889 885 2967; x_wconf 88' lang='lat' dir='ltr'>pete</span> <span class='ocrx_word' id='word_1_278' title='bbox 912 2901 953 2948; x_wconf 84' lang='lat' dir='ltr'>ex</span> <span class='ocrx_word' id='word_1_279' title='bbox 979 2873 1028 2948; x_wconf 76' lang='lat' dir='ltr'>ce·</span> <span class='ocrx_word' id='word_1_280' title='bbox 1062 2879 1164 2966; x_wconf 85' lang='lat' dir='ltr'>ginem</span> <span class='ocrx_word' id='word_1_281' title='bbox 1189 2873 1341 2958; x_wconf 81' lang='lat' dir='ltr'>ambiens,</span> <span class='ocrx_word' id='word_1_282' title='bbox 1370 2877 1493 2964; x_wconf 91' lang='lat' dir='ltr'>qualem</span> <span class='ocrx_word' id='word_1_283' title='bbox 1520 2898 1615 2964; x_wconf 88' lang='lat' dir='ltr'>saepe</span> <span class='ocrx_word' id='word_1_284' title='bbox 1640 2879 1815 2945; x_wconf 86' lang='lat' dir='ltr'>videmus</span> <span class='ocrx_word' id='word_1_285' title='bbox 1806 2900 1839 2944; x_wconf 91' lang='grc' dir='ltr'>ιιι</span> 
     </span>
     <span class='ocr_line' id='line_1_25' title="bbox 248 2973 1838 3069; baseline 0.003 -27"><span class='ocrx_word' id='word_1_286' title='bbox 248 2975 313 3065; x_wconf 91' lang='lat' dir='ltr'>pite</span> <span class='ocrx_word' id='word_1_287' title='bbox 334 2977 422 3046; x_wconf 89' lang='lat' dir='ltr'>Vlll.</span> <span class='ocrx_word' id='word_1_288' title='bbox 451 2973 560 3063; x_wconf 75' lang='lat' dir='ltr'>tlt),</span> <span class='ocrx_word' id='word_1_289' title='bbox 605 3001 669 3069; x_wconf 89' lang='lat' dir='ltr'>quo</span> <span class='ocrx_word' id='word_1_290' title='bbox 696 2980 770 3048; x_wconf 91' lang='lat' dir='ltr'>loco</span> <span class='ocrx_word' id='word_1_291' title='bbox 799 2981 1027 3069; x_wconf 86' lang='lat' dir='ltr'>antiquissimo·</span> <span class='ocrx_word' id='word_1_292' title='bbox 1061 2980 1204 3068; x_wconf 81' lang='lat' dir='ltr'>gemmis,</span> <span class='ocrx_word' id='word_1_293' title='bbox 1232 2991 1308 3066; x_wconf 84' lang='lat' dir='ltr'>quas</span> <span class='ocrx_word' id='word_1_294' title='bbox 1334 2981 1484 3056; x_wconf 82' lang='lat' dir='ltr'>Etruscas</span> <span class='ocrx_word' id='word_1_295' title='bbox 1511 2987 1635 3046; x_wconf 85' lang='lat' dir='ltr'>vocant.</span> <span class='ocrx_word' id='word_1_296' title='bbox 1684 2980 1746 3046; x_wconf 90' lang='lat' dir='ltr'>Hic</span> <span class='ocrx_word' id='word_1_297' title='bbox 1772 2980 1838 3068; x_wconf 92' lang='lat' dir='ltr'>ple·</span> 
     </span>
     <span class='ocr_line' id='line_1_26' title="bbox 193 3067 1839 3202; baseline -0.002 -50"><span class='ocrx_word' id='word_1_298' title='bbox 193 3145 196 3152; x_wconf 85' lang='lat'><strong>.</strong></span> <span class='ocrx_word' id='word_1_299' title='bbox 247 3101 315 3147; x_wconf 87' lang='lat' dir='ltr'>rum</span> <span class='ocrx_word' id='word_1_300' title='bbox 347 3081 559 3150; x_wconf 85' lang='lat' dir='ltr'>characterum</span> <span class='ocrx_word' id='word_1_301' title='bbox 590 3083 721 3152; x_wconf 81' lang='lat' dir='ltr'>formam</span> <span class='ocrx_word' id='word_1_302' title='bbox 754 3085 867 3172; x_wconf 89' lang='lat' dir='ltr'>pictam</span> <span class='ocrx_word' id='word_1_303' title='bbox 901 3105 942 3150; x_wconf 82' lang='lat' dir='ltr'>ex</span> <span class='ocrx_word' id='word_1_304' title='bbox 973 3107 1028 3152; x_wconf 93' lang='lat' dir='ltr'>nu·</span> <span class='ocrx_word' id='word_1_305' title='bbox 1061 3103 1190 3202; x_wconf 82' lang='lat' dir='ltr'>rumque</span> <span class='ocrx_word' id='word_1_306' title='bbox 1211 3083 1398 3199; x_wconf 80' lang='lat' dir='ltr'>conspicuus</span> <span class='ocrx_word' id='word_1_307' title='bbox 1424 3081 1528 3146; x_wconf 89' lang='lat' dir='ltr'>estin</span> <span class='ocrx_word' id='word_1_308' title='bbox 1550 3081 1651 3146; x_wconf 81' lang='lat' dir='ltr'>numia</span> <span class='ocrx_word' id='word_1_309' title='bbox 1669 3067 1720 3160; x_wconf 88' lang='grc' dir='ltr'>Μ.</span> <span class='ocrx_word' id='word_1_310' title='bbox 1744 3083 1839 3160; x_wconf 84' lang='lat' dir='ltr'>Grae</span> 
     </span>
     <span class='ocr_line' id='line_1_27' title="bbox 247 3159 1839 3271; baseline 0.001 -22"><span class='ocrx_word' id='word_1_311' title='bbox 247 3184 305 3250; x_wconf 87' lang='lat' dir='ltr'>mis</span> <span class='ocrx_word' id='word_1_312' title='bbox 326 3177 542 3253; x_wconf 73' lang='lat' dir='ltr'>vetustissimis</span> <span class='ocrx_word' id='word_1_313' title='bbox 564 3188 704 3255; x_wconf 85' lang='lat' dir='ltr'>stititnua.</span> <span class='ocrx_word' id='word_1_314' title='bbox 739 3186 804 3254; x_wconf 87' lang='lat' dir='ltr'>Sed</span> <span class='ocrx_word' id='word_1_315' title='bbox 826 3186 1040 3271; x_wconf 90' lang='lat' dir='ltr'>monendum,</span> <span class='ocrx_word' id='word_1_316' title='bbox 1063 3185 1129 3252; x_wconf 89' lang='lat' dir='ltr'>oiae</span> <span class='ocrx_word' id='word_1_317' title='bbox 1154 3186 1286 3266; x_wconf 86' lang='lat' dir='ltr'>ineusis,</span> <span class='ocrx_word' id='word_1_318' title='bbox 1319 3193 1358 3249; x_wconf 83' lang='lat' dir='ltr'>ut</span> <span class='ocrx_word' id='word_1_319' title='bbox 1379 3159 1526 3265; x_wconf 84' lang='lat' dir='ltr'>Sybaris,</span> <span class='ocrx_word' id='word_1_320' title='bbox 1560 3184 1723 3266; x_wconf 84' lang='lat' dir='ltr'>Crotonis,</span> <span class='ocrx_word' id='word_1_321' title='bbox 1761 3185 1839 3251; x_wconf 87' lang='lat' dir='ltr'>Cau·</span> 
     </span>
    </p>
   </div>
   <div class='ocr_carea' id='block_1_7' title="bbox 145 3283 2110 3590">
    <p class='ocr_par' dir='ltr' id='par_1_7' title="bbox 145 3283 2110 3590">
     <span class='ocr_line' id='line_1_28' title="bbox 145 3283 1840 3374; baseline 0.003 -25"><span class='ocrx_word' id='word_1_322' title='bbox 145 3299 153 3326; x_wconf 61' lang='grc' dir='ltr'>ι</span> <span class='ocrx_word' id='word_1_323' title='bbox 248 3285 357 3350; x_wconf 79' lang='lat' dir='ltr'>sicut</span> <span class='ocrx_word' id='word_1_324' title='bbox 348 3305 382 3351; x_wconf 90' lang='grc' dir='ltr'>ιιι</span> <span class='ocrx_word' id='word_1_325' title='bbox 402 3285 526 3374; x_wconf 78' lang='lat' dir='ltr'>linguis,</span> <span class='ocrx_word' id='word_1_326' title='bbox 548 3289 593 3356; x_wconf 90' lang='lat' dir='ltr'>ita</span> <span class='ocrx_word' id='word_1_327' title='bbox 615 3302 646 3356; x_wconf 86' lang='lat' dir='ltr'>et</span> <span class='ocrx_word' id='word_1_328' title='bbox 666 3291 701 3356; x_wconf 90' lang='lat' dir='ltr'>in</span> <span class='ocrx_word' id='word_1_329' title='bbox 721 3288 881 3357; x_wconf 89' lang='lat' dir='ltr'>literarum</span> <span class='ocrx_word' id='word_1_330' title='bbox 904 3289 1029 3356; x_wconf 88' lang='lat' dir='ltr'>delectu</span> <span class='ocrx_word' id='word_1_331' title='bbox 1061 3288 1182 3369; x_wconf 89' lang='lat' dir='ltr'>loniae;</span> <span class='ocrx_word' id='word_1_332' title='bbox 1210 3289 1284 3354; x_wconf 91' lang='lat' dir='ltr'>item</span> <span class='ocrx_word' id='word_1_333' title='bbox 1312 3283 1504 3368; x_wconf 87' lang='lat' dir='ltr'>Pandosiae,</span> <span class='ocrx_word' id='word_1_334' title='bbox 1531 3286 1698 3369; x_wconf 89' lang='lat' dir='ltr'>(Pellerin.</span> <span class='ocrx_word' id='word_1_335' title='bbox 1717 3287 1840 3354; x_wconf 86' lang='lat' dir='ltr'>Lettres</span> 
     </span>
     <span class='ocr_line' id='line_1_29' title="bbox 147 3383 1841 3492; baseline 0.005 -43"><span class='ocrx_word' id='word_1_336' title='bbox 147 3431 151 3438; x_wconf 83' lang='grc'><strong>-</strong></span> <span class='ocrx_word' id='word_1_337' title='bbox 249 3393 282 3450; x_wconf 89' lang='lat' dir='ltr'>et</span> <span class='ocrx_word' id='word_1_338' title='bbox 310 3383 411 3452; x_wconf 79' lang='lat' dir='ltr'>torma</span> <span class='ocrx_word' id='word_1_339' title='bbox 439 3408 664 3482; x_wconf 86' lang='lat' dir='ltr'>nonnunquam</span> <span class='ocrx_word' id='word_1_340' title='bbox 697 3413 863 3461; x_wconf 88' lang='lat' dir='ltr'>occurrere</span> <span class='ocrx_word' id='word_1_341' title='bbox 894 3392 1027 3460; x_wconf 85' lang='lat' dir='ltr'>archais-</span> <span class='ocrx_word' id='word_1_342' title='bbox 1061 3411 1093 3476; x_wconf 90' lang='lat' dir='ltr'>p.</span> <span class='ocrx_word' id='word_1_343' title='bbox 1124 3392 1216 3471; x_wconf 85' lang='lat'>201)</span> <span class='ocrx_word' id='word_1_344' title='bbox 1260 3389 1431 3470; x_wconf 65' lang='lat' dir='ltr'>Taena„</span> <span class='ocrx_word' id='word_1_345' title='bbox 1450 3387 1622 3492; x_wconf 85' lang='lat' dir='ltr'>(Hunter.)</span> <span class='ocrx_word' id='word_1_346' title='bbox 1664 3390 1698 3456; x_wconf 89' lang='lat' dir='ltr'>in</span> <span class='ocrx_word' id='word_1_347' title='bbox 1733 3389 1841 3458; x_wconf 85' lang='lat' dir='ltr'>Sicilia</span> 
     </span>
     <span class='ocr_line' id='line_1_30' title="bbox 248 3479 2110 3590; baseline 0.005 -38"><span class='ocrx_word' id='word_1_348' title='bbox 248 3506 388 3568; x_wconf 84' lang='grc' dir='ltr'>ιιιοι,ι</span> <span class='ocrx_word' id='word_1_349' title='bbox 409 3508 438 3573; x_wconf 81' lang='lat' dir='ltr'>g.</span> <span class='ocrx_word' id='word_1_350' title='bbox 459 3490 493 3554; x_wconf 92' lang='lat' dir='ltr'>in</span> <span class='ocrx_word' id='word_1_351' title='bbox 516 3491 618 3562; x_wconf 76' lang='lat' dir='ltr'>obviis</span> <span class='ocrx_word' id='word_1_352' title='bbox 641 3491 794 3560; x_wconf 86' lang='lat' dir='ltr'>drachmis</span> <span class='ocrx_word' id='word_1_353' title='bbox 817 3479 1027 3572; x_wconf 84' lang='lat' dir='ltr'>Achaeorum,</span> <span class='ocrx_word' id='word_1_354' title='bbox 1058 3491 1178 3576; x_wconf 82' lang='lat' dir='ltr'>lVaxi,</span> <span class='ocrx_word' id='word_1_355' title='bbox 1204 3493 1459 3576; x_wconf 78' lang='lat' dir='ltr'>(Torremuzza.)</span> <span class='ocrx_word' id='word_1_356' title='bbox 1487 3502 1520 3560; x_wconf 88' lang='lat' dir='ltr'>et</span> <span class='ocrx_word' id='word_1_357' title='bbox 1547 3493 1647 3564; x_wconf 80' lang='grc' dir='ltr'>ιιιιιιιίι</span> <span class='ocrx_word' id='word_1_358' title='bbox 1673 3492 1841 3562; x_wconf 87' lang='lat' dir='ltr'>Messanae</span> <span class='ocrx_word' id='word_1_359' title='bbox 1932 3501 1970 3590; x_wconf 47' lang='lat'>0&#39;</span> <span class='ocrx_word' id='word_1_360' title='bbox 2063 3565 2110 3588; x_wconf 21' lang='lat'>,-</span> 
     </span>
    </p>
   </div>
   <div class='ocr_carea' id='block_1_8' title="bbox 245 3585 1841 4193">
    <p class='ocr_par' dir='ltr' id='par_1_8' title="bbox 245 3585 1841 4193">
     <span class='ocr_line' id='line_1_31' title="bbox 249 3585 1841 3683; baseline 0.005 -27"><span class='ocrx_word' id='word_1_361' title='bbox 249 3610 330 3678; x_wconf 89' lang='lat' dir='ltr'>qnae</span> <span class='ocrx_word' id='word_1_362' title='bbox 352 3597 436 3654; x_wconf 87' lang='lat' dir='ltr'>certe</span> <span class='ocrx_word' id='word_1_363' title='bbox 458 3590 636 3676; x_wconf 90' lang='lat' dir='ltr'>epochal.</span> <span class='ocrx_word' id='word_1_364' title='bbox 646 3596 839 3678; x_wconf 79' lang='lat' dir='ltr'>posteriores</span> <span class='ocrx_word' id='word_1_365' title='bbox 866 3606 953 3677; x_wconf 88' lang='lat' dir='ltr'>sunt,</span> <span class='ocrx_word' id='word_1_366' title='bbox 981 3607 1029 3664; x_wconf 89' lang='lat' dir='ltr'>est</span> <span class='ocrx_word' id='word_1_367' title='bbox 1061 3593 1217 3681; x_wconf 89' lang='lat' dir='ltr'>inscriptis</span> <span class='ocrx_word' id='word_1_368' title='bbox 1240 3585 1406 3660; x_wconf 56' lang='lat' dir='ltr'>‘Zancle</span> <span class='ocrx_word' id='word_1_369' title='bbox 1456 3595 1555 3660; x_wconf 82' lang='lat' dir='ltr'>Extra</span> <span class='ocrx_word' id='word_1_370' title='bbox 1596 3592 1654 3661; x_wconf 85' lang='lat' dir='ltr'>has</span> <span class='ocrx_word' id='word_1_371' title='bbox 1695 3598 1841 3683; x_wconf 82' lang='lat' dir='ltr'>regiones</span> 
     </span>
     <span class='ocr_line' id='line_1_32' title="bbox 245 3691 1839 3780; baseline 0.003 -20"><span class='ocrx_word' id='word_1_372' title='bbox 245 3692 359 3780; x_wconf 64' lang='lat' dir='ltr'>apro</span> <span class='ocrx_word' id='word_1_373' title='bbox 390 3691 438 3772; x_wconf 73' lang='grc' dir='ltr'>(Ι),</span> <span class='ocrx_word' id='word_1_374' title='bbox 469 3700 503 3756; x_wconf 86' lang='lat' dir='ltr'>ct</span> <span class='ocrx_word' id='word_1_375' title='bbox 528 3701 551 3773; x_wconf 78' lang='grc' dir='ltr'><strong>φ</strong></span> <span class='ocrx_word' id='word_1_376' title='bbox 578 3712 637 3778; x_wconf 94' lang='lat' dir='ltr'>pro</span> <span class='ocrx_word' id='word_1_377' title='bbox 664 3695 751 3776; x_wconf 90' lang='lat' dir='ltr'>K,</span> <span class='ocrx_word' id='word_1_378' title='bbox 742 3718 775 3761; x_wconf 88' lang='grc' dir='ltr'>ιιι</span> <span class='ocrx_word' id='word_1_379' title='bbox 802 3699 905 3763; x_wconf 91' lang='lat' dir='ltr'>aeneis</span> <span class='ocrx_word' id='word_1_380' title='bbox 932 3698 1028 3765; x_wconf 88' lang='lat' dir='ltr'>Athe·</span> <span class='ocrx_word' id='word_1_381' title='bbox 1061 3694 1127 3763; x_wconf 83' lang='lat' dir='ltr'>ridi</span> <span class='ocrx_word' id='word_1_382' title='bbox 1163 3696 1255 3762; x_wconf 90' lang='lat' dir='ltr'>etiam</span> <span class='ocrx_word' id='word_1_383' title='bbox 1291 3697 1324 3761; x_wconf 91' lang='grc' dir='ltr'>ιιι</span> <span class='ocrx_word' id='word_1_384' title='bbox 1359 3717 1457 3762; x_wconf 90' lang='lat' dir='ltr'>numo</span> <span class='ocrx_word' id='word_1_385' title='bbox 1491 3695 1607 3760; x_wconf 85' lang='lat' dir='ltr'>Beroea</span> <span class='ocrx_word' id='word_1_386' title='bbox 1640 3696 1839 3779; x_wconf 80' lang='lat' dir='ltr'>Cyrenaicae,</span> 
     </span>
     <span class='ocr_line' id='line_1_33' title="bbox 246 3791 1839 3934; baseline 0.003 -72"><span class='ocrx_word' id='word_1_387' title='bbox 246 3794 398 3882; x_wconf 72' lang='lat' dir='ltr'>nicenum</span> <span class='ocrx_word' id='word_1_388' title='bbox 419 3791 523 3860; x_wconf 84' lang='lat' dir='ltr'>Tbetu</span> <span class='ocrx_word' id='word_1_389' title='bbox 544 3792 726 3882; x_wconf 88' lang='lat' dir='ltr'>quadratum</span> <span class='ocrx_word' id='word_1_390' title='bbox 747 3815 806 3882; x_wconf 91' lang='lat' dir='ltr'>pro</span> <span class='ocrx_word' id='word_1_391' title='bbox 829 3798 975 3866; x_wconf 86' lang='lat' dir='ltr'>rotundo.</span> <span class='ocrx_word' id='word_1_392' title='bbox 1061 3797 1250 3882; x_wconf 89' lang='lat' dir='ltr'>(Pellerin.)</span> <span class='ocrx_word' id='word_1_393' title='bbox 1294 3797 1373 3865; x_wconf 87' lang='lat' dir='ltr'>aed</span> <span class='ocrx_word' id='word_1_394' title='bbox 1395 3797 1448 3885; x_wconf 89' lang='lat' dir='ltr'>qui</span> <span class='ocrx_word' id='word_1_395' title='bbox 1482 3796 1587 3934; x_wconf 89' lang='lat' dir='ltr'>potius</span> <span class='ocrx_word' id='word_1_396' title='bbox 1622 3795 1762 3881; x_wconf 83' lang='lat' dir='ltr'>epochae</span> <span class='ocrx_word' id='word_1_397' title='bbox 1797 3799 1839 3867; x_wconf 86' lang='lat' dir='ltr'>Il.</span> 
     </span>
     <span class='ocr_line' id='line_1_34' title="bbox 329 3899 1510 3997; baseline 0.001 -33"><span class='ocrx_word' id='word_1_398' title='bbox 329 3899 467 3966; x_wconf 71' lang='lat' dir='ltr'>naneae</span> <span class='ocrx_word' id='word_1_399' title='bbox 606 3949 610 3958; x_wconf 88' lang='lat'><em>.</em></span> <span class='ocrx_word' id='word_1_400' title='bbox 1061 3899 1191 3968; x_wconf 86' lang='lat' dir='ltr'>videtur.</span> <span class='ocrx_word' id='word_1_401' title='bbox 1505 3981 1510 3997; x_wconf 21' lang='grc' dir='ltr'>ἢ</span> 
     </span>
     <span class='ocr_line' id='line_1_35' title="bbox 331 3999 1401 4088; baseline 0.003 -21"><span class='ocrx_word' id='word_1_402' title='bbox 331 3999 474 4079; x_wconf 82' lang='lat' dir='ltr'>Quorum</span> <span class='ocrx_word' id='word_1_403' title='bbox 505 4019 670 4066; x_wconf 88' lang='lat' dir='ltr'>numerum</span> <span class='ocrx_word' id='word_1_404' title='bbox 702 4010 862 4088; x_wconf 77' lang='lat' dir='ltr'>argeutum</span> <span class='ocrx_word' id='word_1_405' title='bbox 893 4002 986 4069; x_wconf 78' lang='lat' dir='ltr'>vel</span> <span class='ocrx_word' id='word_1_406' title='bbox 975 4025 1027 4070; x_wconf 89' lang='lat' dir='ltr'>au·</span> <span class='ocrx_word' id='word_1_407' title='bbox 1145 4005 1239 4069; x_wconf 70' lang='lat' dir='ltr'>esua</span> <span class='ocrx_word' id='word_1_408' title='bbox 1257 4009 1401 4086; x_wconf 73' lang='lat' dir='ltr'>pictores</span> 
     </span>
     <span class='ocr_line' id='line_1_36' title="bbox 247 4071 1839 4193; baseline 0.002 -27"><span class='ocrx_word' id='word_1_409' title='bbox 247 4089 314 4166; x_wconf 77' lang='lat' dir='ltr'>rum</span> <span class='ocrx_word' id='word_1_410' title='bbox 334 4071 519 4186; x_wconf 75' lang='lat' dir='ltr'>globosum</span> <span class='ocrx_word' id='word_1_411' title='bbox 522 4103 620 4188; x_wconf 80' lang='lat' dir='ltr'>magis</span> <span class='ocrx_word' id='word_1_412' title='bbox 642 4111 699 4184; x_wconf 82' lang='lat' dir='ltr'>est,</span> <span class='ocrx_word' id='word_1_413' title='bbox 725 4111 758 4168; x_wconf 90' lang='lat' dir='ltr'>et</span> <span class='ocrx_word' id='word_1_414' title='bbox 779 4103 1027 4190; x_wconf 86' lang='lat' dir='ltr'>crassiusculum,</span> <span class='ocrx_word' id='word_1_415' title='bbox 1145 4103 1182 4168; x_wconf 94' lang='lat' dir='ltr'>In</span> <span class='ocrx_word' id='word_1_416' title='bbox 1201 4105 1304 4172; x_wconf 84' lang='lat' dir='ltr'>nrunis</span> <span class='ocrx_word' id='word_1_417' title='bbox 1324 4099 1546 4193; x_wconf 85' lang='lat' dir='ltr'>antiquissimis</span> <span class='ocrx_word' id='word_1_418' title='bbox 1565 4099 1636 4168; x_wconf 89' lang='lat' dir='ltr'>talis</span> <span class='ocrx_word' id='word_1_419' title='bbox 1657 4109 1719 4184; x_wconf 76' lang='lat' dir='ltr'>est,</span> <span class='ocrx_word' id='word_1_420' title='bbox 1738 4100 1839 4190; x_wconf 86' lang='lat' dir='ltr'>qualis</span> 
     </span>
    </p>
   </div>
   <div class='ocr_carea' id='block_1_9' title="bbox 196 4177 1992 4296">
    <p class='ocr_par' dir='ltr' id='par_1_9' title="bbox 196 4177 1992 4296">
     <span class='ocr_line' id='line_1_37' title="bbox 196 4177 1992 4296; baseline 0.002 -28"><span class='ocrx_word' id='word_1_421' title='bbox 196 4223 202 4234; x_wconf 91' lang='lat'><em>·</em></span> <span class='ocrx_word' id='word_1_422' title='bbox 247 4199 298 4278; x_wconf 82' lang='lat' dir='ltr'>vel</span> <span class='ocrx_word' id='word_1_423' title='bbox 319 4201 459 4270; x_wconf 83' lang='lat' dir='ltr'>informis</span> <span class='ocrx_word' id='word_1_424' title='bbox 480 4203 745 4284; x_wconf 86' lang='lat' dir='ltr'>rotunditatis,&#39;&#39;</span> <span class='ocrx_word' id='word_1_425' title='bbox 725 4226 747 4268; x_wconf 91' lang='grc' dir='ltr'>ιι</span> <span class='ocrx_word' id='word_1_426' title='bbox 768 4205 952 4296; x_wconf 86' lang='lat' dir='ltr'>plerumque</span> <span class='ocrx_word' id='word_1_427' title='bbox 970 4211 1026 4276; x_wconf 90' lang='lat' dir='ltr'>hn-</span> <span class='ocrx_word' id='word_1_428' title='bbox 1060 4227 1130 4272; x_wconf 87' lang='lat' dir='ltr'>esse</span> <span class='ocrx_word' id='word_1_429' title='bbox 1152 4177 1261 4274; x_wconf 83' lang='lat' dir='ltr'>debuit</span> <span class='ocrx_word' id='word_1_430' title='bbox 1281 4207 1339 4272; x_wconf 91' lang='lat' dir='ltr'>illo</span> <span class='ocrx_word' id='word_1_431' title='bbox 1361 4216 1512 4295; x_wconf 87' lang='lat' dir='ltr'>tempore,</span> <span class='ocrx_word' id='word_1_432' title='bbox 1536 4203 1623 4294; x_wconf 92' lang='lat' dir='ltr'>quod</span> <span class='ocrx_word' id='word_1_433' title='bbox 1644 4223 1756 4271; x_wconf 86' lang='lat' dir='ltr'>numos</span> <span class='ocrx_word' id='word_1_434' title='bbox 1778 4203 1839 4272; x_wconf 88' lang='lat' dir='ltr'>hos</span> <span class='ocrx_word' id='word_1_435' title='bbox 1963 4195 1992 4276; x_wconf 86' lang='grc'>,’</span> 
     </span>
    </p>
   </div>
   <div class='ocr_carea' id='block_1_10' title="bbox 240 4298 1839 4623">
    <p class='ocr_par' dir='ltr' id='par_1_10' title="bbox 240 4298 1839 4604">
     <span class='ocr_line' id='line_1_38' title="bbox 240 4298 1839 4425; baseline 0.003 -56"><span class='ocrx_word' id='word_1_436' title='bbox 240 4305 294 4388; x_wconf 87' lang='lat' dir='ltr'>jus</span> <span class='ocrx_word' id='word_1_437' title='bbox 320 4313 393 4370; x_wconf 82' lang='lat' dir='ltr'>aunt</span> <span class='ocrx_word' id='word_1_438' title='bbox 419 4305 566 4392; x_wconf 88' lang='lat' dir='ltr'>epochae.</span> <span class='ocrx_word' id='word_1_439' title='bbox 617 4305 700 4373; x_wconf 88' lang='lat' dir='ltr'>Vide</span> <span class='ocrx_word' id='word_1_440' title='bbox 727 4329 840 4376; x_wconf 85' lang='lat' dir='ltr'>numos</span> <span class='ocrx_word' id='word_1_441' title='bbox 867 4309 1026 4400; x_wconf 90' lang='lat' dir='ltr'>Pelopon·</span> <span class='ocrx_word' id='word_1_442' title='bbox 1059 4307 1230 4425; x_wconf 67' lang='lat' dir='ltr'>parturivit.</span> <span class='ocrx_word' id='word_1_443' title='bbox 1289 4309 1427 4376; x_wconf 90' lang='lat' dir='ltr'>Tametsi</span> <span class='ocrx_word' id='word_1_444' title='bbox 1470 4298 1624 4407; x_wconf 58' lang='lat' dir='ltr'>magnum&#39;</span> <span class='ocrx_word' id='word_1_445' title='bbox 1656 4307 1839 4376; x_wconf 77' lang='lat' dir='ltr'>observetur</span> 
     </span>
     <span class='ocr_line' id='line_1_39' title="bbox 245 4403 1839 4498; baseline 0.003 -26"><span class='ocrx_word' id='word_1_446' title='bbox 245 4403 313 4472; x_wconf 83' lang='lat' dir='ltr'>nesi</span> <span class='ocrx_word' id='word_1_447' title='bbox 340 4421 409 4472; x_wconf 87' lang='lat' dir='ltr'>oum</span> <span class='ocrx_word' id='word_1_448' title='bbox 435 4414 513 4492; x_wconf 82' lang='lat' dir='ltr'>typo</span> <span class='ocrx_word' id='word_1_449' title='bbox 541 4406 722 4490; x_wconf 86' lang='lat' dir='ltr'>testudinis,</span> <span class='ocrx_word' id='word_1_450' title='bbox 752 4411 866 4497; x_wconf 78' lang='lat' dir='ltr'>Rhegii</span> <span class='ocrx_word' id='word_1_451' title='bbox 890 4411 1025 4479; x_wconf 79' lang='lat' dir='ltr'>bruttio·</span> <span class='ocrx_word' id='word_1_452' title='bbox 1060 4411 1140 4476; x_wconf 91' lang='lat' dir='ltr'>inter</span> <span class='ocrx_word' id='word_1_453' title='bbox 1175 4411 1264 4498; x_wconf 84' lang='lat' dir='ltr'>ipsos</span> <span class='ocrx_word' id='word_1_454' title='bbox 1300 4431 1428 4492; x_wconf 89' lang='lat' dir='ltr'>numos,</span> <span class='ocrx_word' id='word_1_455' title='bbox 1472 4431 1553 4498; x_wconf 85' lang='lat' dir='ltr'>qnos</span> <span class='ocrx_word' id='word_1_456' title='bbox 1589 4409 1661 4476; x_wconf 89' lang='lat' dir='ltr'>hnic</span> <span class='ocrx_word' id='word_1_457' title='bbox 1696 4407 1839 4496; x_wconf 87' lang='lat' dir='ltr'>epochae</span> 
     </span>
     <span class='ocr_line' id='line_1_40' title="bbox 244 4505 1839 4623; baseline 0.001 -47"><span class='ocrx_word' id='word_1_458' title='bbox 244 4524 327 4589; x_wconf 85' lang='lat' dir='ltr'>rum,</span> <span class='ocrx_word' id='word_1_459' title='bbox 359 4505 591 4623; x_wconf 81' lang='lat' dir='ltr'>antiquissimos</span> <span class='ocrx_word' id='word_1_460' title='bbox 621 4510 753 4578; x_wconf 80' lang='lat' dir='ltr'>Atticos.</span> <span class='ocrx_word' id='word_1_461' title='bbox 818 4513 905 4600; x_wconf 75' lang='lat' dir='ltr'>Ergo</span> <span class='ocrx_word' id='word_1_462' title='bbox 939 4513 1027 4604; x_wconf 87' lang='lat' dir='ltr'>quod</span> <span class='ocrx_word' id='word_1_463' title='bbox 1059 4512 1239 4594; x_wconf 82' lang='lat' dir='ltr'>tribuimus,</span> <span class='ocrx_word' id='word_1_464' title='bbox 1276 4511 1458 4593; x_wconf 85' lang='lat' dir='ltr'>discrimen,</span> <span class='ocrx_word' id='word_1_465' title='bbox 1492 4511 1560 4578; x_wconf 85' lang='lat' dir='ltr'>aliie</span> <span class='ocrx_word' id='word_1_466' title='bbox 1591 4511 1744 4600; x_wconf 85' lang='lat' dir='ltr'>picturam</span> <span class='ocrx_word' id='word_1_467' title='bbox 1773 4509 1839 4578; x_wconf 82' lang='lat' dir='ltr'>lere</span> 
     </span>
    </p>
   </div>
   <div class='ocr_carea' id='block_1_11' title="bbox 0 0 2240 5472">
    <p class='ocr_par' dir='ltr' id='par_1_11' title="bbox 0 0 2240 5472">
     <span class='ocr_line' id='line_1_41' title="bbox 0 0 2240 5472; baseline 0 2"><span class='ocrx_word' id='word_1_468' title='bbox 0 0 2240 5472; x_wconf 95' lang='lat' dir='ltr'> </span> 
     </span>
    </p>
   </div>
  </div>
 </body>
</html>
