4472 5472
377 533 496 610 ἰιιιιιι
668 523 673 530 ”
846 512 1219 621 PROLEGOMENA
1254 523 1566 607 GENERALIA·

399 692 507 775 merita
536 689 570 753 in
600 695 774 788 typorum
786 641 1005 772 'argumentum
1029 675 1179 778 legerent,
1216 684 1339 767 berius‘,
1360 695 1453 775 atque
1474 686 1558 770 etsi,
1571 707 1658 774 quae
1670 681 1836 752 multorum
1858 696 1905 754 cst
1928 687 1997 804 opi·

345 853 359 866 ,,
400 813 490 879 quam
526 811 586 855 nos
619 773 775 854 materiam
807 790 841 854 in
873 790 1104 876 prolegomenis
1140 787 1181 853 ad
1215 788 1286 870 nio,
1322 791 1397 872 eJ'us
1422 797 1515 875 caput
1545 787 1724 875 frequenter
1757 799 1932 876 compareat
1962 791 1996 854 in

383 915 540 974 ,numos
563 890 746 956 familiarum
799 891 923 977 prolixe
973 891 1180 958 tractabimus.
1215 891 1316 956 numia
1352 890 1467 971 aureis,
1484 890 1696 976 ‘aeneisque,
1741 900 1844 956 temen
1880 891 1912 956 in
1946 887 1996 956 his
2045 921 2049 928 ·

340 993 343 1000 ’
400 994 504 1060 Primo
521 993 648 1060 Caesari
670 992 824 1068 dictatori
837 1014 1011 1079 supremum
1033 990 1141 1080 istud
1127 1013 1180 1075 Jus
1215 1015 1281 1058 uon
1301 1002 1363 1058 tam
1384 1001 1477 1079 caput
1498 1001 1546 1058 est
1566 993 1688 1072 Liviae,
1718 979 2044 1078 quamplures,

369 1098 566 1184 ¹honosque
594 1105 734 1162 serratus
747 1096 892 1160 consulto
929 1095 1113 1180 permissus,
1136 1099 1182 1158 ut
1216 1095 1371 1177 SALVS,
1413 1084 1606 1180 IVSTITIA
1636 1094 1727 1209 (napi
1758 1090 1852 1160 haec
1871 1094 1999 1160 nomina

400 1191 648 1266 docebimusin
614 1199 747 1278 mejus
781 1197 890 1260 nuruis.
956 1193 1052 1258 Edita
1086 1192 1184 1264 semel
1216 1193 1344 1262 addita
1359 1144 1522 1278 leguntur)
1558 1195 1712 1261 Liviae
1704 1198 1836 1282 nuagine
1873 1218 1997 1284 expres·

401 1301 546 1387 exemplo
574 1319 639 1370 non
670 1295 839 1388 adhaesere
866 1295 985 1375 lllviri,
1014 1294 1067 1380 qui
1090 1316 1182 1360 caeso
1217 1317 1285 1374 sae,
1316 1316 1356 1359 ex
1390 1316 1451 1381 qua
1483 1297 1552 1380 ipsa
1585 1297 1770 1362 verecundia
1802 1299 1875 1364 satis
1905 1319 1996 1385 appa·
2024 1319 2032 1330 ·

401 1403 554 1468 dictatore
597 1421 653 1488 per
694 1418 816 1468 causam
857 1394 1091 1460 constituendae
1126 1395 1187 1464 rei·
1218 1403 1280 1474 ret,
1299 1412 1383 1468 eam
1412 1401 1629 1462 amonetae
1614 1419 1686 1481 Jure
1713 1399 1825 1483 procul
1852 1400 1996 1466 habitam.

332 1519 335 1526 ’
370 1495 588 1590 ‘publicae
578 1520 714 1568 summae
750 1495 798 1564 rei
825 1505 1008 1583 praeerant,
1053 1507 1117 1578 tum
1151 1501 1183 1572 et
1216 1495 1362 1562 Mortuae
1383 1494 1513 1578 deinde,
1543 1507 1575 1568 ut
1601 1508 1633 1565 et
1654 1499 1811 1577 Antoniae
1822 1499 1928 1564 Drusi
1951 1523 1998 1565 se·

401 1606 476 1670 Sex.
495 1603 667 1690 Pompejus
701 1621 759 1666 suo
784 1599 971 1687 quodam'
957 1621 1029 1684 Jurc
1062 1622 1098 1664 ac
1125 1619 1183 1665 no·
1216 1597 1334 1679 nioris,
1370 1607 1402 1664 et
1432 1599 1623 1715 Agrippinae
1660 1600 1776 1664 seniori
1808 1615 1827 1665 ¹a
1858 1597 1999 1686 Caligula

355 1760 358 1764 ,
400 1708 484 1772 mine
517 1703 609 1769 ferire
645 1711 817 1782 monetam,
852 1701 939 1788 quod
971 1699 1108 1788 quidem·
1129 1701 1182 1765 mi·
1218 1708 1249 1764 et
1271 1691 1404 1764 Claudio
1428 1701 1529 1787 signat
1531 1723 1567 1768 os
1595 1723 1707 1768 numos
1730 1712 1862 1768 constet.
1908 1703 2001 1769 Clau·
2095 1753 2100 1768 .
2220 1735 2221 1744 ι

310 1813 316 1816 ’
351 1806 366 1865 .’
401 1829 459 1874 nus
484 1804 693 1875 mirandum'
684 1827 717 1870 ιιι
743 1803 944 1884 hominibus,
990 1803 1102 1891 quib'us
1136 1803 1183 1888 vis
1219 1800 1263 1866 dii
1284 1811 1316 1867 et
1337 1801 1476 1870 Neronis
1496 1825 1611 1872 uxores
1634 1800 1734 1872 numis
1761 1815 1881 1886 carent,
1916 1795 1998 1873 dem·

341 1933 349 1942 ·
402 1932 438 1978 ae
459 1907 596 1976 lieentia
618 1929 685 1993 pro
710 1907 832 1991 legibus
863 1906 965 1987 luere,
1000 1929 1069 1973 curn
1100 1883 1184 1970 idem
1217 1913 1272 1989 pto
1298 1903 1513 1993 Agrippina
1499 1909 1641 1994 Juuiore,
1679 1928 1758 1994 quae
1790 1929 1901 1993 aureos
1934 1906 1999 1995 qui·

277 2071 304 2114 ,y
401 2033 493 2082 ausus
516 2010 607 2076 fuerit
633 2009 680 2076 Μ
708 2009 822 2074 Brutus
851 2008 991 2074 Caesaris
1018 1991 1182 2093 parricida,
1219 2005 1290 2084 dem
1320 2017 1352 2070 et
1386 2017 1550 2092 argenteos
1573 2009 1696 2092 babet,
1738 2009 1807 2076 sed
1830 2015 1998 2100 conjuncto

402 2116 455 2202 qui
478 2113 688 2180 libertatisP.
713 2112 751 2176 R
774 2107 892 2174 vindex
915 2107 1000 2174 credi
1021 2107 1129 2174 voluit.
1218 2123 1341 2190 semper
1362 2109 1462 2193 eapite
1489 2110 1540 2176 vel
1567 2110 1668 2200 mariti
1691 2111 1827 2194 Claudii,
1866 2112 1925 2180 vel
1946 2111 2000 2176 tilii

486 2215 630 2312 Augusto
653 2235 754 2278 rerum
776 2211 878 2310 potito
887 2220 987 2277 tauto
1016 2211 1128 2277 certius
1150 2208 1184 2271 in
1217 2203 1368 2271 Neronia.
1413 2205 1519 2276 Habet
1540 2195 1649 2276 minen
1666 2211 1736 2277 sola
1757 2235 1888 2298 aeneos,
1912 2233 1999 2278 seua-

400 2336 466 2382 rem
492 2297 694 2378 mduetariam
720 2315 774 2395 jus
804 2303 875 2392 fuit,
899 2312 989 2399 quin
1016 2310 1094 2376 illud
1123 2310 1184 2378 sibi
1217 2316 1251 2372 tu
1279 2306 1364 2373 haud
1398 2306 1492 2374 dubie
1525 2313 1720 2396 praepotenti
1756 2313 1904 2400 principis
1937 2335 1999 2378 ma·
2083 2373 2090 2384 .

396 2419 462 2502 jam
491 2413 664 2498 arrogavit,
698 2431 767 2476 cum
799 2415 933 2480 nonnisi
958 2413 1053 2478 Illvir
1083 2411 1183 2498 reipu-
1218 2410 1257 2475 tri
1287 2408 1441 2486 adulante.
1490 2411 1611 2477 Primus
1639 2414 1728 2480 Titus
1760 2415 1855 2480 liliam
1886 2413 1999 2482 Iuliam

308 2521 314 2536 ²
403 2518 503 2585 blioae
526 2513 762 2581 constituendae
784 2525 874 2584 esset.
918 2514 1061 2580 Eundem
1080 2525 1184 2580 tamen
1217 2512 1251 2576 in
1271 2507 1396 2576 moneta
1423 2510 1523 2578 solam
1545 2516 1683 2602 proponi
1705 2517 1817 2600 jussit,
1848 2515 1999 2582 Domitia·

150 2649 169 2661 ..
220 2640 223 2645 ·
333 2687 335 2692 ,
402 2621 494 2686 etiam
538 2619 692 2685 honorem
736 2619 973 2685 communicavit
1021 2639 1091 2684 eum
1133 2616 1183 2697 iis,
1218 2635 1277 2680 uus
1314 2613 1428 2682 deinde
1460 2627 1591 2694 uxorem
1620 2617 1808 2701 Domitiam,
1847 2621 2000 2706 Ibajanus

403 2745 483 2811 quos
505 2722 669 2788 tribunicia
697 2729 853 2808 potestate
881 2721 1023 2802 donavit,
1061 2741 1097 2786 ao
1124 2701 1184 2806 pii·
1220 2739 1351 2792 ιιιιοιειιι
1394 2717 1570 2802 Plotinam,
1616 2743 1757 2788 sororem
1797 2719 2000 2804 Marcianum,

314 2843 317 2852 ⁴
363 2821 374 2834 “
402 2847 486 2892 mum
522 2811 646 2912 quidem
683 2845 752 2890 cum
783 2823 832 2890 Μ.
867 2823 1026 2910 Agrippa,
1071 2819 1185 2888 deinde
1219 2831 1344 2909 neptem
1377 2817 1559 2904 Matidiam,
1596 2846 1674 2911 quae
1704 2823 1837 2893 subinde
1851 2823 2002 2912 'exempla
2061 2896 2086 2910 ..

313 2971 319 2988 ·
402 2929 532 2996 Tiberio
564 2927 721 3017 privigno.
779 2925 907 2994 Habent
938 2925 1064 3014 quidem
1094 2925 1185 2990 etiam
1219 2923 1329 2990 imitati
1368 2935 1445 2992 sunt
1486 2926 1643 3014 principes
1676 2949 1884 2998 successores.
1937 2925 2002 2992 Sed
2040 2947 2070 2990 .·

346 3053 358 3064 ·
402 3033 514 3100 numos
543 3053 654 3097 aureos
692 3037 918 3115 argenteosque
945 3029 1038 3113 Cajus
1068 3036 1099 3092 et
1126 3027 1185 3092 Lu·
1220 3026 1299 3093 haec
1320 3025 1361 3092 ad
1382 3049 1494 3094 nunnus
1522 3038 1638 3094 tantum
1665 3030 1698 3094 in
1730 3029 1807 3096 urbe
1833 3049 2000 3114 percussos

336 3143 344 3152 '
404 3133 469 3196 cius
492 3132 651 3214 Agrippae
679 3131 752 3208 filii,
787 3151 871 3214 quos
889 3127 1046 3210 Augustus
1070 3128 1105 3192 iu
1130 3129 1185 3190 im·
1218 3129 1383 3212 pertinent
1449 3127 1534 3198 Nam
1573 3129 1691 3193 Liviam
1740 3127 1841 3194 adhuc
1889 3130 2000 3212 vivam,

403 3229 483 3317 perii
512 3250 598 3312 spem
629 3231 776 3294 Caesares
806 3229 894 3306 dixit,
928 3227 985 3290 sed
1015 3228 1048 3290 iu
1078 3246 1186 3290 eorum
1220 3237 1285 3292 tum
1318 3236 1349 3292 et
1374 3225 1500 3291 Iuliam·
1516 3225 1648 3312 Augusti
1669 3227 1716 3310 F,
1750 3237 1781 3293 et
1808 3229 2001 3315 sequentium

279 3351 284 3363 ·
324 3403 326 3407 .
404 3330 505 3394 antica
526 3349 649 3412 semper
678 3337 726 3392 est
737 3336 848 3418 caput
869 3326 1009 3410 Augusti.
1053 3325 1187 3390 Indulsit
1219 3319 1393 3414 principum
1409 3349 1530 3392 uxores
1552 3330 1668 3414 passim
1696 3333 1817 3414 J'actant
1858 3332 1941 3398 numi
1968 3334 2002 3400 in

342 3513 345 3524 ι
405 3429 541 3496 ιιεὶιιιιιι·δ
552 3428 635 3493 hunc
666 3429 820 3494 honorem
848 3426 993 3492 'liberius
1023 3426 1185 3492 Drusofi·
1220 3428 1389 3519 provinciis
1423 3419 1553 3514 signati,
1603 3431 1737 3518 quod
1728 3453 1761 3498 ιιι
1798 3431 2002 3520 imperantem

403 3532 463 3613 lio,
507 3551 548 3594 ex
581 3551 644 3616 quo
683 3529 731 3594 illi
764 3529 958 3596 tribuniciam
1001 3537 1187 3616 potestatem
1222 3533 1387 3598 Caesarum
1432 3529 1558 3598 domum
1602 3534 1786 3626 obsequium
1818 3529 2020 3624 permissum·

396 3631 532 3718 detulit,
566 3633 640 3698 ite'm
668 3619 854 3700 Germanico
883 3631 1008 3698 Caesari
1044 3651 1103 3698 suo
1130 3651 1187 3718 per
1220 3640 1338 3698 tantum
1363 3631 1441 3717 fnit,
1475 3656 1542 3702 ιιοιι
1579 3644 1696 3726 autem,
1733 3639 1821 3706 nullo
1855 3638 1978 3708 edito
1968 3659 2001 3704 ιιι

314 3795 323 3802 .
405 3736 607 3826 adoptionem
651 3735 744 3817 lilio,
778 3735 835 3802 sed
878 3739 965 3821 cujus
1002 3736 1086 3804 numi
1121 3755 1200 3802 ιιοιι
1222 3735 1298 3800 urbe
1325 3737 1487 3825 exemplo,
1523 3739 1713 3828 imperatum
1762 3741 1927 3826 Perperam
1954 3760 2001 3803 er·
2090 3792 2101 3804 ,

285 3833 288 3840 ⁴
332 3903 334 3907 ,
404 3850 546 3922 exstant,
584 3840 645 3906 nisi
673 3840 769 3906 aenei.
811 3839 908 3904 Drusi
941 3839 1074 3914 senioris
1103 3841 1191 3908 numi
1221 3859 1263 3924 go
1296 3836 1454 3910 adseruit
1468 3843 1618 3910 Rtncnus
1646 3845 1679 3929 ),
1724 3839 1916 3924 Hadrianum
1956 3839 2000 3904 di·

227 3975 234 3984 ·
287 3973 295 3998 ι
404 3945 438 4010 in
472 3943 557 4014 omui
592 3943 718 4012 metallo
754 3943 884 4010 nonnisi
917 3941 1052 4008 Claudio
1092 3941 1187 4027 impe·
1221 3942 1304 4008 lecto
1340 3959 1408 4011 ›suo
1457 3943 1622 4012 Antinoo·
1652 3946 1800 4027 majorem
1847 3941 2036 4007 honorem=

311 4067 320 4074 ·
405 4057 494 4115 rante
514 4046 626 4134 signati
648 4055 729 4112 sunt
773 4039 911 4112 Feminis
944 4044 1022 4110 vivis
1052 4061 1187 4108 summus
1220 4054 1379 4130 praestare
1422 4043 1507 4110 haud
1542 4046 1693 4131 potuisse,
1735 4061 1830 4128 ¹quarn
1866 4063 1935 4109 oum
1968 4044 2020 4112 iu·

404 4147 462 4216 hic
479 4149 585 4214 honos
607 4147 718 4235 perdiu
739 4146 797 4212 fuit
818 4141 962 4233 negatus,
992 4163 1186 4238 nequeenim
1220 4147 1321 4210 numis
1365 4155 1545 4233 perpetuam
1588 4149 1654 4232 ejus
1699 4143 1844 4212 redderet
1886 4167 2001 4212 memo·

405 4250 534 4320 indulsit
566 4252 724 4338 Augustus
751 4249 854 4320 ,uxori
886 4247 1010 4326 Liviae,
1047 4245 1186 4330 quamvis
1219 4246 1305 4312 riam.
1360 4246 1437 4310 Non
1473 4255 1596 4336 exstant
1630 4248 1716 4335 nruni
1749 4246 1897 4330 Antinoi,
1940 4245 2004 4314 nisi

406 4355 505 4441 gratia
537 4351 748 4452 praevalidae,
782 4355 835 4416 aut
868 4346 983 4415 deiude
1018 4345 1100 4411 filius
1133 4347 1186 4412 Ti·
1220 4347 1380 4413 commatis
1412 4349 1593 4436 peregrini,
1636 4350 1742 4438 iique·
1763 4347 1889 4426 norrnisi
1929 4359 2002 4438 post

1529 4505 1639 4515 ,Ἣ

475 4575 547 4635 t).de
568 4589 615 4629 set.
636 4587 778 4643 rumpet·
801 4553 836 4640 p:
851 4565 890 4626 83.
