4438 5462
718 547 721 568 ,
853 451 1242 540 CAPVT'Vll.
1577 459 1599 554 s
1699 490 1847 552 ,mn
1970 489 1982 496 “

247 649 365 698 novum
402 635 548 696 monetae
579 633 744 714 argenteae
775 645 873 713 genus
905 625 1032 709 invenit,
1066 625 1251 714 fabricatos,
1281 623 1360 694 solie
1390 624 1542 696 Romanis
1576 627 1720 714 cognito,
1753 639 1846 721 atque

250 737 370 819 majone
398 729 478 796 illud
500 727 628 817 quidem
653 727 822 811 modulo,;
842 725 900 796 sed
925 749 1042 822 angen-n
1067 709 1130 796 hoc
1156 737 1394 812 untumnero,
1432 728 1729 836 MbemmssMa
1755 733 1846 824 Clen-
1912 743 1917 754 ’

246 846 282 903 to
308 833 481 914 deteriore,
522 831 611 920 quod
635 829 810 900 adcuratius
838 829 1031 918 descriptum
1068 828 1122 896 dio
1161 830 1302 914 Gpthioo.
1336 849 1394 918 per
1429 832 1593 918 proximos
1634 853 1847 918 successores,

164 945 170 952 '
251 934 337 1001 dabo
366 935 399 1000 in
425 935 525 1000 numis
548 934 641 1019 hujus
662 931 812 1019 Augusti,
838 951 905 1000 non
930 925 1033 1000 temen
1068 931 1247 1030 desirenmt
1294 933 1355 999 sub
1402 933 1622 1018 Diocletiano,
1654 938 1852 1031 ,primisque
1923 989 1953 1030 ·.

250 1044 418 1124 propterea
461 1035 583 1122 ,veteris
617 1036 749 1104 instituti
790 1055 903 1102 numos
940 1035 1032 1102 ferire
1066 1037 1132 1120 dus
1171 1033 1321 1120 collegis,
1359 1033 1501 1104 nimirum
1541 1045 1622 1121 unm,
1661 1059 1730 1108 cnm
1761 1042 1845 1109 tanti-

225 1137 406 1224 ¹neglexit,
445 1138 496 1203 uti
531 1144 632 1223 n'eque
666 1139 803 1230 preximi
835 1156 1032 1204 successores
1066 1136 1174 1223 quatis.
1209 1136 1259 1202 bis
1302 1133 1470 1232 mendaciis
1510 1157 1551 1204 ex
1594 1151 1722 1236 argento
1763 1164 1846 1229 puro

200 1299 203 1308 ,
252 1236 386 1326 dempto
411 1235 594 1304 Alexandro
623 1241 756 1330 Severo,
787 1240 842 1328 qui
867 1240 948 1306 benc
974 1259 1031 1304 no·
1065 1237 1156 1304 ferire
1214 1245 1371 1304 monetam
1433 1237 1565 1306 institnit
1620 1240 1843 1313 Diocletianus.

250 1361 308 1406 vae
357 1337 477 1406 formae
528 1351 684 1408 monetam
731 1342 845 1427 abjecit
895 1339 1029 1428 quidem,
1064 1341 1169 1420 Quane
1196 1339 1237 1406 id
1268 1360 1365 1426 genus
1396 1341 1482 1406 numi
1512 1341 1567 1407 vix
1595 1343 1727 1431 amplius
1755 1367 1844 1434 repe·

249 1440 306 1508 sed
340 1432 454 1509 ueteris
490 1439 610 1510 formae
645 1452 809 1530 argteneos
845 1445 891 1510 sic
924 1463 1029 1509 conn-
1062 1440 1182 1508 riuntur
1235 1442 1268 1508 in
1315 1451 1458 1522 moneta.
1490 1442 1667 1512 Constantii
1717 1444 1842 1527 Chlori,

247 1542 308 1630 pit,
337 1552 387 1625 ut,
417 1545 476 1610 etsi
504 1543 646 1632 pondere
667 1568 687 1611 a
708 1546 863 1612 veteribus
883 1565 950 1614 non
971 1544 1029 1611 dil·
1063 1543 1243 1625 Maximini,
1287 1542 1446 1632 Maxentii
1488 1555 1544 1634 etu
1609 1544 1747 1612 unetos
1782 1548 1844 1618 hon

247 1643 376 1728 ferrent,
400 1655 504 1712 umen
522 1647 651 1714 nonnisi
672 1649 791 1714 tertiam
813 1648 932 1734 argenti
952 1667 1027 1735 por·
1062 1667 1175 1714 numos
1212 1645 1298 1714 Galli
1332 1645 1493 1734 appellant
1508 1695 1512 1702 ·
1530 1646 1679 1716 uldoillec
1705 1648 1843 1731 Μῶα,
1899 1727 1901 1734 ,

247 1747 363 1814 tionem
386 1747 418 1814 in
439 1748 477 1814 iis
493 1748 597 1816 inesse
620 1760 766 1835 expertus
784 1751 972 1818 s'itSauotus
986 1759 1027 1827 ¹).
1059 1746 1093 1813 id
1132 1757 1195 1815 est:
1223 1771 1341 1816 numos
1373 1756 1497 1828 ‘Moti
1532 1748 1705 1838 imprbprie'
1747 1750 1843 1834 istud,
1938 1773 1944 1782 '

248 1849 313 1916 Sub
350 1847 517 1916 Gordiano
558 1849 696 1914 'maxima
738 1860 879 1918 monetae
921 1874 1027 1940 argen-
1059 1870 1162 1937 neque
1211 1851 1293 1916 enim
1340 1841 1470 1916 inducto
1517 1861 1631 1918 stanno
1674 1852 1843 1938 liquefacto
1899 1895 1915 1948 '.

248 1958 318 2016 tene
353 1969 428 2034 pars
464 1948 642 2015 caracallae
674 1952 848 2018 institutum
878 1947 1026 2042 sequitur,
1060 1951 1143 2018 hunc
1163 1951 1247 2018 nacti
1268 1958 1341 2016 sunt
1369 1950 1523 2033 colorem,
1551 1953 1609 2020 sed
1636 1953 1751 2020 malleo
1773 1976 1842 2043 per·

250 2072 287 2116 ae
315 2047 462 2138 deinceps
491 2071 625 2140 quoque.
674 2053 849 2141 imperante
880 2056 1025 2124 Gallieno
1062 2051 1144 2120 cusai
1173 2075 1211 2119 ea
1237 2054 1376 2136 ratione,
1411 2073 1475 2141 quo
1510 2053 1594 2120 istud
1625 2049 1740 2121 lactum
1765 2055 1843 2124 dixi.

251 2155 318 2236 ejus
345 2152 439 2218 facies
468 2152 649 2220 tristissima
699 2157 750 2224 Ex
778 2159 913 2246 quinque
934 2160 1027 2249 parti·
1062 2157 1234 2242 Argentum
1272 2175 1357 2242 ergo.
1382 2175 1495 2244 purum
1512 2157 1687 2225 sevocavit
1717 2157 1851 2224 Diocle»
1945 2201 1949 2212 ³

98 2311 102 2320 .
154 2323 159 2328 ,
247 2253 306 2322 bue
337 2253 434 2322 finisse
465 2265 614 2344 quatuor¹
630 2255 760 2326 admixti
790 2263 890 2353 neris,
934 2263 1028 2350 proli·
1062 2259 1181 2342 tianus,
1209 2255 1350 2345 illudque
1371 2268 1552 2344 constanter
1573 2253 1721 2347 deinceps
1742 2268 1843 2325 retem

246 2364 327 2422 tetrn
357 2357 522 2426 Bimcrdns
535 2367 579 2439 ⁰),
604 2361 706 2447 ,quod
738 2361 900 2432 mixtionis
930 2385 1029 2452 genus
1062 2370 1128 2428 tum
1148 2358 1232 2442 luit„
1248 2360 1291 2426 ite
1313 2369 1432 2443 umen,
1460 2371 1494 2428 ut
1520 2361 1580 2428 sub
1605 2359 1843 2460 imperatoribus

249 2457 333 2526 Galli
364 2461 452 2528 tillon
483 2469 612 2542 vocant,
648 2487 770 2532 mansos
800 2463 904 2550 Latini
915 2471 958 2549 ⁹),
998 2476 1030 2534 et
1062 2462 1192 2529 orientis
1217 2465 1319 2548 major
1339 2462 1481 2532 feriretur
1502 2483 1666 2550 cuneorum
1686 2485 1845 2538 numerum
1935 2549 1940 2556 .

246 2558 327 2627 forte
362 2561 454 2630 etiam
487 2567 632 2632 uenum
662 2589 732 2634 cum
761 2566 867 2637 Plinio
879 2567 924 2655 ³),
975 2569 1029 2636 ade
1064 2587 1155 2654 quam
1178 2574 1403 2652 argenteorum.
1767 2645 1777 2652 ἑ

247 2659 369 2750 diique,
413 2663 501 2751 qnod
529 2677 674 2754 expertus
693 2680 743 2736 et
772 2671 841 2757 ipse
880 2692 963 2754 sum,
1007 2691 1027 2738 a
1148 2667 1386 2738 Observandum
1422 2667 1526 2736 adhuc
1558 2667 1764 2737 reundum.
1783 2669 1865 2732 Po.

121 2835 129 2857 Ι
248 2762 382 2830 Claudio
416 2765 556 2832 Gothico
590 2789 689 2856 usque
724 2770 764 2836 nd
795 2771 1026 2840 Diocletianum
1059 2776 1101 2837 trit
1123 2769 1232 2837 -Gallis
1268 2771 1453 2858 antiquariis
1485 2772 1519 2838 in
1552 2770 1666 2854 veteris
1699 2773 1872 2836 monetae

249 2861 295 2928 sic
316 2863 443 2930 exulare
465 2873 641 2952 argentum,
668 2879 704 2937 nt
731 2871 858 2938 nonnisi
878 2875 1026 2942 rarissimi
1060 2893 1152 2940 eausa
1177 2871 1269 2940 valde
1301 2869 1461 2940 familiare.
1529 2872 1648 2939 Sancto
1684 2869 1841 2938 metallum

249 2963 322 3032 sint·
338 2967 424 3034 numi
453 2968 607 3054 argentei,
640 2970 724 3058 iique
754 2970 880 3060 impuri,
915 2997 937 3042 a
965 2985 1026 3043 me·
1059 2974 1144 3042 istud
1166 2974 1373 3064 compositum
1394 2981 1504 3064 estex
1526 2991 1639 3059 cupro,
1667 2970 1840 3055 orichalco,
1886 3001 1890 3013 ⁴
1927 2995 1935 3062 ᾗ

197 3085 225 3102 ··
246 3065 307 3160 diis
345 3069 427 3137 inter
455 3077 618 3160 utrumqne
649 3073 872 3162 inperantibus
903 3078 1024 3165 signati
1040 3125 1043 3130 a
1060 3081 1185 3154 (mon)
1212 3075 1369 3164 plumbo,
1392 3083 1423 3142 et
1451 3093 1552 3162 penno
1583 3084 1713 3152 stanno,
1746 3094 1839 3140 roca·
1970 3091 1973 3102 ·

244 3170 370 3238 Interim
389 3181 470 3240 'eum
502 3173 716 3243 detraheretur
742 3187 886 3246 monetae
918 3199 1026 3267 argen-
1059 3161 1170 3269 tueque
1189 3187 1287 3265 pontu
1313 3179 1380 3248 sive
1397 3199 1451 3246 aes
1473 3175 1632 3259 ollarium,
1662 3174 1735 3266 quin
1756 3174 1840 3242 ollae
1949 3175 1956 3189 ⁸

245 3281 327 3358 tum,
361 3273 478 3364 placuit
509 3286 611 3346 tamen
637 3277 754 3348 nobilis
785 3280 878 3370 hujus
910 3283 1033 3356 metalli,
1062 3291 1160 3368 (pm)
1183 3303 1224 3348 ex
1245 3283 1305 3349 hae
1325 3282 1477 3349 mixtione
1497 3280 1610 3356 confini
1626 3277 1746 3346 solent⁴
1779 3277 1840 3344 Er·

247 3373 354 3442 saltem
391 3377 490 3446 color.
555 3379 705 3468 Magnam
743 3382 827 3450 enirn
859 3404 1026 3454 nnmerum
1061 3406 1103 3472 go
1131 3407 1172 3452 ex
1198 3385 1308 3453 Saroti
1329 3384 1451 3470 judicio
1477 3382 1551 3451 bulo
1575 3381 1703 3451 metallo
1732 3399 1841 3467 argen-
1893 3459 1900 3466 ,
2033 3401 2038 3412 ·

250 3495 416 3552 aeneorum
453 3489 572 3566 partem
607 3483 805 3552 involvenmt
842 3489 946 3555 stanni
983 3487 1027 3554 ln·
1060 3497 1126 3558 tum
1156 3486 1326 3556 admixtum
1352 3507 1418 3556 non
1443 3495 1500 3554 est
1548 3487 1667 3555 Tamen
1692 3483 1840 3552 Jobcnbne

248 3576 332 3666 mim
367 3583 430 3642 Μ
468 3582 570 3660 tenui,
615 3605 705 3671 quam
733 3581 923 3655 arenearum
964 3588 1030 3656 tela
1060 3590 1235 3672 manniam,
1274 3611 1315 3658 ex
1347 3611 1408 3680 qus
1443 3590 1529 3656 nunu
1561 3578 1697 3675 argentei
1726 3585 1840 3674 im12uri

246 3695 317 3748 ΜΒ
337 3687 457 3765 P⁰i0³b
480 3701 602 3769 eosque
618 3686 664 3750 sic
679 3697 808 3776 opertos
822 3687 938 3759 malleo
954 3691 1026 3760 sub·
1061 3702 1222 3774 comunt,
1251 3692 1367 3779 passim
1393 3693 1536 3776 aitpoeta
1556 3691 1679 3772 vocari,
1707 3713 1745 3758 ou
1765 3688 1839 3771 l'ep
1899 3713 1901 3720 ’

241 3783 402 3866 Jeeertmt,
438 3801 502 3868 qno
534 3781 663 3868 fadum,
695 3798 730 3855 ut
757 3789 865 3859 colore
897 3791 950 3860 vel
981 3813 1027 3860 ar·
1060 3799 1137 3880 pelte
1169 3781 1393 3864 comnnncmeru
1432 3796 1565 3880 porot').
1632 3790 1730 3870 Quod
1772 3789 1839 3877 qui·

248 3891 373 3968 gentum
400 3884 601 3970 mentiantur,
637 3888 688 3984 vel
720 3891 747 3958 si
776 3891 917 3980 pluribus
946 3894 1026 3964 locis
1061 3897 1133 3964 dem
1155 3896 1327 3990 displicuit,
1351 3919 1400 3972 „ao
1421 3894 1503 3964 forte
1523 3911 1590 3959 non
1610 3891 1734 3978 injurie,
1761 3889 1837 3956 Rin·
1906 3969 1913 3982 ⁸

225 3984 366 4082 'abstitit
405 3995 566 4072 stonum,
616 3989 788 4062 tralucente
824 4016 921 4083 cupro
957 4020 1026 4087 spe·
1060 3998 1177 4084 clrio⁸),
1229 3998 1374 4090 nlhsqnm
1424 3998 1498 4088 quia
1533 3993 1703 4064 secundum
1737 3991 1838 4060 Suro·

250 4085 326 4154 ciem
366 4089 557 4176 praeierant,
612 4102 758 4183 tanquam
799 4099 916 4185 urgenti
957 4101 1026 4190 pnl-
1059 4112 1125 4170 turm
1161 4101 1353 4185 metallum,¹
1379 4100 1466 4190 quod
1498 4104 1584 4184 pothi
1620 4096 1744 4180 dioiuu,
1789 4115 1837 4160 ar·
1924 4177 1927 4184 λ

249 4207 320 4256 vere
339 4201 445 4260 essent
467 4194 641 4284 conspersi.
695 4195 818 4269 Numos
843 4199 906 4269 hoc
928 4203 1024 4274 modo
1059 4211 1184 4290 gentum
1210 4225 1275 4270 non
1302 4204 1449 4272 eontinet
1498 4197 1662 4268 Bimardus
1695 4195 1737 4266 ad
1762 4197 1835 4266 ein·

313 4417 345 4488 ῃ)
363 4417 393 4477 P·
410 4407 439 4478 ll.
457 4447 479 4480 c.
498 4432 538 4485 12.
607 4427 640 4499 o)
659 4435 691 4488 ad
708 4435 768 4488 Job.
786 4387 818 4488 n.
837 4437 856 4492 1.
874 4457 900 4508 p.
918 4435 961 4491 60.
1031 4435 1064 4508 p)
1083 4439 1140 4504 neg.
1159 4442 1215 4493 102.
1235 4439 1268 4494 D.
1287 4441 1320 4494 de
1336 4437 1461 4493 solution·
1532 4436 1562 4506 q)
1581 4439 1608 4490 t.
1625 4433 1746 4490 xxxiv.
1763 4425 1834 4502 §dd

241 4500 472 4574 .⁸)P·fl·⁰·¹7·
539 4511 567 4581 ⁸)
586 4511 743 4589 Tum-1011·
760 4513 803 4579 M»
873 4521 1147 4622 neptunus.
1743 4529 1747 4534 ’

1572 4615 1626 4687 ‹12
