4438 5462
5 509 11 516 ·
90 547 91 554 ι
318 489 407 604 ,11
592 561 595 567 .
805 427 1492 576 rnonneonauncannnnnn.

308 703 312 716 ·
358 654 487 735 admissi
522 660 613 730 numi
653 659 790 730 omniurn
821 647 997 742 nationum,
1036 657 1138 726 omnis
1171 655 1313 724 tractabo
1353 658 1485 740 iterum,
1534 669 1605 723 cunr
1639 675 1729 742 agam
1766 652 1807 720 de
1843 654 1952 739 modo,

313 765 492 848 metalli,
531 773 569 830 'et
606 763 709 830 omnis
740 769 905 842 naturae,-
928 782 968 827 ne
1004 760 1140 828 exclusis
1174 761 1228 846 qui
1267 759 1301 825 in
1322 789 1324 796 ⁴
1345 758 1551 849 disponendis
1593 777 1758 827 nnmerum
1802 753 1954 826 classrlrus

277 869 487 962 quidem
518 865 747 948 contorniatis,
776 864 831 951 qui
862 863 1006 929 nimirum
1038 861 1140 932 Nero·
1174 860 1272 948 magis
1308 863 1449 930 rideatur
1486 862 1527 929 ad
1567 883 1676 940 omnes
1718 856 1794 926 artis
1809 931 1815 938 ,
1831 867 1956 928 nostrae

176 1053 179 1070 ⁸
232 989 235 1000 '
275 1042 280 1050 ,
358 973 448 1054 nis,
446 970 603 1062 ursani,
636 968 829 1084 aliorumque
860 965 961 1031 hiatus
992 972 1140 1080 tegerent.
1175 985 1284 1032 causas
1305 963 1572 1036 adcommodatus.
1665 1043 1669 1051 Ι

361 1074 451 1143 Fecit
483 1069 633 1160 explendi
667 1069 797 1158 agminis
830 1067 997 1183 cupiditas,
1034 1053 1068 1132 ut
1095 1067 1141 1131 in·

363 1175 576 1262 dulgentiores
616 1173 711 1260 vulgo
745 1178 901 1251 essent,
908 1169 974 1237 sive
1009 1187 1077 1232 cum
1108 1167 1150 1232 in
1208 1229 1213 1236 .

240 1327 244 1334 .
344 1276 444 1345 illud
479 1276 674 1344 admitterent
713 1274 840 1350 numos,
884 1269 938 1356 qui
975 1290 1142 1336 aencorum
1260 1235 1456 1333 Postremum
1478 1268 1544 1334 hcc
1569 1267 1644 1337 loco
1672 1227 1852 1360 opportune
1874 1289 1957 1336 com·
1975 1332 1979 1344 ,
2016 1285 2019 1292 ·

361 1379 538 1447 lformae
548 1377 677 1444 modum
696 1392 762 1441 non
783 1369 955 1453 excedunt,
984 1373 1051 1440 sive
1072 1393 1141 1438 cum
1174 1352 1414 1434 memorabimus
1470 1371 1589 1436 veteris
1640 1385 1787 1442 monetae
1849 1374 1957 1441 vitium

349 1478 589 1570 approbarent,
631 1499 717 1564 quos
760 1483 847 1541 tanto
887 1469 979 1541 libe'ri
1017 1471 1141 1539 adfectu
1176 1466 1334 1554 quoddam
1361 1490 1455 1558 saepe
1479 1491 1547 1540 non
1577 1471 1742 1542 molestum
1763 1473 1877 1555 modo,
1900 1470 1958 1541 sed
2052 1465 2056 1472 ’

361 1580 582 1698 reprobandos
614 1599 736 1667 semper
768 1575 938 1643 duxbsent
1002 1575 1068 1644 Sed
1101 1597 1141 1642 ne
1175 1578 1207 1635 et
1227 1561 1420 1638 damnosum.
1464 1573 1542 1640 Non
1563 1595 1635 1642 raro
1658 1577 1741 1644 enim
1759 1577 1902 1658 lactum,
1924 1581 1960 1640 ut

365 1682 530 1772 quidem
521 1705 554 1748 ιιι
586 1681 649 1746 hoc
681 1677 863 1748 instruendo
904 1678 1025 1766 agmine
1057 1682 1144 1764 justa
1177 1674 1290 1740 matris
1317 1677 1435 1759 majore
1467 1686 1550 1744 esset
1578 1679 1750 1763 volumine,
1784 1699 1876 1768 quarn
1909 1696 1959 1740 or·

365 1785 532 1854 voluminis
553 1782 633 1849 ratio
656 1791 704 1850 est
723 1782 839 1852 habita
885 1782 969 1848 Nam
991 1803 1060 1848 cnm
1076 1785 1144 1898 jam
1178 1774 1300 1898 biculus
1326 1787 1470 1845 monetae
1490 1778 1651 1848 seriuudae
1678 1781 1858 1851 destinans.
1889 1778 1960 1846 .Ex

362 1891 396 1956 in
422 1886 527 1954 numis
562 1884 689 1952 maximi
728 1863 848 1956 moduli
878 1894 1023 1973 putentur
1060 1884 1145 1950 aurei
1180 1900 1242 1966 quo
1264 1867 1400 1967 evenire
1427 1899 1555 1956 necesse
1586 1882 1660 1967 luit,
1696 1891 1735 1951 ut
1760 1885 1811 1950 hic
1839 1887 1961 1971 partem

301 2009 330 2058 ,’
365 2000 397 2058 et
427 1989 580 2077 argentei,
622 1988 674 2076 qui
709 1987 898 2054 ordinarium
926 1987 1073 2054 volumen
1108 2005 1145 2050 ac
1178 1989 1296 2046 tantum
1324 1983 1390 2050 sive
1408 1987 1489 2072 typi
1501 1987 1568 2054 sive
1589 1982 1802 2084 inscriptionis
1823 1984 1962 2076 potuerit
1998 2019 2001 2024 v

285 2133 300 2150 ι
364 2092 490 2182 pondus
515 2092 606 2158 etiam
633 2091 756 2158 tantillo
783 2088 954 2167 excedunt,
988 2095 1040 2153 aut
1067 2107 1144 2173 quo·
1178 2077 1332 2167 r'ecipere,
1384 2085 1466 2152 lacta
1508 2087 1589 2154 adeo
1634 2090 1767 2176 partium
1810 2099 1960 2157 ennema-

365 2194 534 2263 dammodo
575 2192 728 2259 accedunt
765 2191 806 2256 ad
849 2188 1011 2270 volumen,
1058 2192 1144 2272 cujus
1178 2203 1246 2247 rum
1266 2187 1397 2267 jactura
1463 2187 1538 2254 Hoc
1557 2190 1633 2256 vitio
1655 2202 1781 2258 moneta
1801 2189 1960 2256 Romano·

340 2317 438 2362 1esse
465 2295 570 2362 solent
590 2294 676 2358 numi
697 2293 786 2358 aenei
806 2291 847 2356 11.
868 2290 1012 2373 formae,
1037 2299 1146 2376 suapte
1178 2289 1247 2349 ιιιιιι
1278 2285 1421 2354 immunis
1455 2299 1517 2371 est,
1550 2289 1647 2356 sed'
1637 2311 1671 2357 ιιι
1702 2291 1804 2360 numis
1831 2289 1961 2357 Graecis
2007 2345 2010 2352 .

365 2404 465 2484 patet,
505 2393 732 2480 quantopere
723 2415 757 2459 ιιι
785 2391 848 2457 hoc
872 2392 1018 2461 instituto
1045 2391 1145 2458 diver·
1179 2407 1245 2452 uon
1270 2387 1378 2505 paucis
1410 2409 1560 2477 perquam
1591 2392 1839 2474 incommodum,
1871 2409 1959 2478 prae·

277 2496 282 2514 ¹
331 2489 333 2499 '
366 2507 441 2601 gant
471 2493 713 2582 magnitudines,
756 2503 789 2560 et
828 2514 919 2581 quam
959 2515 1067 2583 parum
1100 2494 1147 2558 sio
1180 2489 1270 2578 cipue
1316 2491 1349 2555 ιιι
1396 2493 1574 2566 autonomis
1612 2494 1798 2564 Antiochiae
1820 2493 1959 2609 Syriae,

192 2629 197 2641 ·
241 2643 245 2654 ·
362 2603 488 2686 juvetur
525 2596 650 2678 oculus,
686 2598 782 2716 cujus
812 2607 914 2664 tamen
954 2597 1020 2664 lere
1055 2597 1146 2664 unius
1180 2599 1211 2676 et
1240 2590 1475 2660 tetradraolrmls
1500 2576 1606 2690 regum
1634 2596 1841 2679 Parthiae,
1831 2616 1865 2661 ιιι
1893 2593 1958 2683 qui·

368 2723 461 2768 causa
488 2701 548 2768 bae
582 2697 697 2766 solent
722 2700 818 2766 series
851 2699 1045 2782 adornari,
1041 2720 1146 2788 quem
1182 2693 1238 2760 bus
1279 2693 1463 2784 plerumque
1505 2700 1639 2766 maxima
1676 2719 1749 2790 pars
1783 2696 1959 2790 inscriptio·

313 2805 318 2817 '
365 2816 491 2894 praeter
529 2802 687 2870 metallum
712 2801 826 2927 dispar
861 2803 952 2870 etiam
987 2803 1147 2870 inconcin·
1180 2797 1243 2862 nis
1252 2817 1327 2866 orae
1354 2799 1485 2870 vicinior
1505 2823 1631 2890 pessum
1655 2804 1721 2872 ivit
1772 2799 1890 2869 Similis
1911 2809 1959 2882 ty·

346 2928 408 2985 ,ιιι
438 2907 516 2974 haec
539 2886 736 2974 voluminis
738 2908 874 2974 varietus
902 2909 975 2990 jure
1005 2903 1147 2972 offendit.
1181 2921 1306 2988 porum
1325 2903 1461 2986 jactura,
1496 2904 1586 2974 sed
1606 2929 1647 2974 ex
1689 2879 1814 2974 diversa
1857 2921 1960 2982 causa,

173 3097 176 3104 Ι
208 3038 211 3052 ·
246 2982 279 3073 ⁸.
368 3011 467 3089 Qui
467 3032 571 3080 veram
609 3018 785 3098 spectant
787 3033 829 3077 ex
865 3008 1006 3075 collectis
1047 3009 1148 3076 numia
1180 3005 1424 3074 monetariorum
1467 3027 1592 3095 nempe
1607 3007 1828 3094 negligentia,
1886 3026 1960 3091 pro·

339 3113 524 3179 ·veteribus
568 3113 746 3192 utilitatem,
811 3111 869 3176 bas
912 3111 978 3176 sive
1020 3109 1147 3189 metalli,
1182 3105 1262 3172 lecta
1294 3116 1356 3185 est,
1400 3129 1469 3172 cum
1500 3107 1536 3176 ιιι
1569 3110 1725 3175 matricem
1756 3127 1822 3172 non
1856 3104 1960 3170 medio

368 3209 436 3277 sive
451 3209 676 3294 magnitudinis
704 3211 872 3276 blanditias
900 3219 1022 3274 utnon
1044 3229 1168 3293 asper·
1182 3206 1324 3272 orbiculo
1349 3206 1559 3291 imponerent,
1592 3210 1639 3273 sic
1665 3218 1700 3274 ut
1726 3215 1865 3273 centrum
1890 3225 1961 3270 cen·

329 3383 336 3394 J
368 3318 495 3424 nentur,
528 3312 661 3374 tamen
651 3331 685 3374 ιιι
706 3309 871 3396 postremis
894 3307 1025 3386 habent,
1062 3309 1124 3372 et'
1114 3329 1146 3372 m
1181 3313 1232 3369 tro
1259 3305 1488 3392 responderet,
1514 3307 1587 3374 sed
1598 3307 1683 3373 lorus
1710 3307 1883 3416 aberraret,
1903 3328 1961 3376 ex

368 3410 410 3476 iia
441 3407 659 3497 comparandis
693 3408 792 3520 magis
824 3405 1057 3497 philologiae'
1048 3429 1145 3474 more·
1182 3427 1246 3492 quo
1289 3405 1420 3486 factum,
1463 3417 1497 3475 ut
1541 3408 1700 3484 orbiculus
1744 3431 1838 3498 saepe
1870 3420 1961 3526 parte

368 3511 487 3608 ments,
537 3531 629 3598 quam
668 3499 844 3580 einaneaur
885 3528 1048 3575 numomm
1083 3493 1146 3575 lor·
1167 3517 1328 3595 typorum
1363 3527 1435 3590 non
1475 3511 1602 3602 exigua,
1651 3511 1874 3602 nonnunquam
1916 3510 1961 3580 di

368 3599 474 3682 tunam
499 3613 678 3701 respicicunt.
733 3613 800 3682 Sed
827 3619 1037 3701 argumentum
1062 3608 1146 3680 istud
1181 3609 1276 3680 midia
1297 3607 1485 3684 multaretur.

919 3803 1411 4030 cursuum.

787 4097 848 4172 De
872 4099 998 4176 neonus
1024 4096 1198 4176 veteranos
1211 4097 1324 4200 statis
1344 4097 1541 4196 percussis.

304 4311 311 4322 ι
369 4305 451 4406 Res
478 4341 567 4404 rens
599 4332 769 4400 monetaria
801 4330 928 4400 metallo
949 4289 1070 4398 ¹tiendo
1103 4328 1148 4426 fe·¹
1179 4325 1238 4396 sed
1266 4327 1358 4394 etiarn
1394 4326 1487 4394 certis
1517 4323 1642 4394 indiciis
1679 4347 1720 4394 ex
1754 4327 1823 4413 ipsa
1857 4284 1962 4396 vetere

367 4434 480 4504 riundo
517 4433 736 4524 peragebatur,
780 4438 847 4524 ejus
881 4431 975 4502 fidem
1010 4432 1146 4500 facienti·
1179 4439 1305 4502 mooeu
1338 4429 1446 4517 captia.
1507 4429 1546 4496 Iu
1576 4429 1677 4498 numia
1711 4427 1815 4500 obviis
1847 4429 1962 4497 Roma·

367 4535 427 4606 bus
455 4557 521 4607 non
550 4538 647 4607 modo
675 4538 769 4627 certis
795 4547 934 4610 veterum
959 4536 1144 4636 testimoniis
1179 4537 1227 4612 uis
1267 4531 1442 4624 produntur
1484 4532 1533 4602 111
1574 4532 1635 4604 siri
1677 4554 1770 4617 atrro,
1821 4541 1979 4642 argeum
