4472 5472
252 479 256 486 “
355 512 417 604 ιι
608 537 635 555 -,
753 438 1198 588 ιιιοιιιιοιιιιιιι
1215 484 1546 612 ιιιιιιιιιιι.

377 649 549 732 sciendum,
603 659 807 730 tyrannorum
853 668 965 716 numos
1013 655 1154 736 spectato
1188 667 1279 730 aeae,
1324 645 1365 726 'de
1403 593 1543 736 quibus
1547 645 1638 714 altius
1671 664 1809 731 egeram,
1827 641 2016 712 fusioni
2072 647 2074 652 '
2112 681 2125 698 ι
2228 691 2229 728 ,

378 774 475 843 opere
501 775 538 818 ea
565 772 634 818 esse
663 751 857 833 conditione,
885 761 918 818 ut
942 749 1035 817 facile
1062 771 1155 838 appa
1188 747 1307 816 scilicet
1334 747 1556 836 destinatam).
1598 744 1787 837 Posteriori
1801 747 1881 812 braic
1899 765 1969 813 sen·
2079 791 2088 798 -
2228 747 2229 754 ’

378 865 458 938 reat,
494 855 635 942 exiguam
672 856 713 922 iis·
749 852 899 922 feriundis
931 874 1035 920 curam
1060 851 1156 917 fuisse
1188 852 1303 918 tentiae
1335 852 1516 936 refutandae
1547 869 1614 918 non
1648 828 1701 917 diu
1729 847 1968 918 inhaerebimus.

377 961 557 1048 ¹impensam.
591 958 675 1036 Quin
695 977 761 1024 non
784 957 896 1024 desunt
913 952 1057 1042 exempla
1072 963 1155 1018 certa
1189 953 1269 1033 Quis
1291 956 1449 1022 enimvero
1471 953 1533 1021 sibi
1554 951 1771 1042 persuadebit,
1793 949 1882 1026 benc
1908 971 1971 1016 ma·
2075 945 2082 958 '

379 1071 412 1128 et
436 1059 606 1150 evidentia,
637 1059 717 1126 alios
741 1069 807 1125 tum
833 1056 1027 1124 accelerandi
1049 1054 1155 1144 operis
1189 1055 1275 1122 tricis
1302 1061 1372 1123 cum
1399 1071 1494 1124 numo
1519 1056 1591 1123 fuso
1614 1051 1861 1136 commissuram,
1890 1073 1972 1140 quac

379 1161 493 1248 modos
519 1162 614 1229 finisse
644 1161 819 1244 adhibitos,
857 1168 949 1244 atque
979 1157 1064 1224 istud
1090 1175 1156 1221 non
1189 1155 1318 1224 nonnisi
1352 1161 1441 1242 justo
1484 1159 1635 1247 temporis
1670 1155 1830 1246 impendio
1863 1154 1972 1243 peragi

379 1265 512 1347 frisione,
534 1264 592 1332 sed
612 1262 736 1330 malleo.
772 1262 927 1328 Nimirum
947 1259 1047 1326 numia
1069 1278 1156 1345 prae·
1189 1267 1329 1346 poterat,
1355 1269 1532 1346 porrectam
1553 1261 1650 1326 fuisse
1672 1259 1714 1326 ad
1736 1251 1848 1326 ιιιιιιιιι
1871 1254 1973 1343 siugu-

381 1365 553 1434 cedentium
595 1367 814 1453 imperatorum
856 1384 976 1442 noros,
1020 1379 1164 1448 suosque,
1190 1361 1257 1444 los,
1299 1371 1333 1440 ¹et
1366 1359 1490 1450 quidem
1528 1359 1570 1426 ιιι
1601 1382 1657 1426 ecs
1694 1381 1820 1447 quoque
1838 1365 1973 1439 omnes,

323 1517 325 1525 -
379 1471 600 1558 impresserunt
631 1476 735 1554 typos.
783 1457 953 1532 Evidenter
985 1461 1072 1530 istud
1091 1460 1156 1528 ἰιο·
1191 1462 1306 1560 quibus
1337 1463 1467 1553 propter
1496 1471 1594 1550 typos
1623 1461 1804 1528 humiliores
1834 1462 1894 1527 bac
1922 1480 1973 1527 so·

382 1580 453 1635 cent
478 1569 561 1642 numi
589 1567 751 1655 Regaliani
780 1575 812 1634 et
837 1563 1046 1656 Druantillae,
1079 1585 1155 1652 quo·
1188 1566 1279 1633 lertia
1300 1576 1332 1633 et
1352 1562 1517 1634 sedulitate
1543 1584 1623 1652 opus
1645 1583 1711 1631 non
1730 1561 1807 1630 luitl
1849 1561 1974 1626 Etenim

381 1661 449 1739 rum
483 1667 624 1757 plerique
660 1667 816 1758 duplicem
859 1667 994 1735 offerunt
1021 1673 1192 1757 ¹typum,
1190 1670 1224 1735 si
1247 1665 1348 1751 numi,
1388 1689 1469 1756 quos
1503 1670 1678 1735 subaeratoa
1710 1665 1760 1734 vel
1786 1654 1975 1748 pelliculctoc

180 1769 183 1779 ⁴
252 1765 254 1768 ’
382 1795 421 1843 ac
455 1780 591 1838 veterem
627 1772 751 1859 quidem
786 1770 983 1854 Caracallae,
1027 1768 1157 1836 Maesac
1189 1793 1376 1852 vocamus,
1372 1771 1517 1859 absque
1560 1770 1698 1852 lusione,
1743 1789 1823 1857 quae
1866 1766 1973 1853 utiquc
2087 1767 2092 1776 '

239 1886 245 1894 '
292 1921 295 1928 «
382 1883 439 1942 etc.
462 1896 504 1940 ex
523 1873 656 1941 residuis
679 1875 777 1944 literis
799 1897 837 1940 ac
856 1871 962 1960 figuris
989 1891 1158 1959 egnosceu·
1192 1871 1297 1940 locum
1339 1873 1457 1940 babere
1492 1893 1559 1940 non
1590 1875 1708 1961 potuit,
1751 1871 1824 1938 'solo
1859 1867 1974 1971 malleo
2059 1957 2065 1966 ι

382 1977 472 2060 dum,
498 1977 655 2045 novicium
676 1989 784 2044 eorum
805 1977 953 2066 ipsorum.
995 1974 1082 2047 Vide
1100 1973 1159 2040 suo
1192 1985 1256 2042 tam
1287 1976 1391 2081 saepe
1413 1976 1571 2061 eleganter
1601 1975 1730 2044 formari
1763 1983 1911 2063 potuere,
1945 1979 1976 2036 et

382 2079 457 2148 loco
489 2080 648 2168 nubeque
677 2080 797 2148 numos.
841 2078 938 2164 Atqui
968 2085 1080 2192 suapte
1105 2096 1159 2160 pa·
1194 2075 1319 2163 quidem
1346 2063 1467 2146 incluso
1496 2077 1620 2163 saepius
1647 2079 1730 2143 iratus
1756 2077 1857 2159 ferro,
1890 2071 2010 2163 quod'

382 2191 453 2265 tet,¹
487 2179 615 2250 modum
657 2182 739 2250 hunc
774 2179 897 2288 lusione
932 2178 1039 2264 peregi
1070 2176 1201 2242 nullo
1190 2197 1265 2264 rpsc
1292 2199 1364 2266 aare
1398 2176 1505 2244 ιιιιιιιιι
1536 2186 1600 2257 est,
1636 2201 1709 2245 cur
1721 2177 1805 2262 idem
1841 2175 1977 2244 obtineri

382 2293 476 2366 pacto
497 2285 647 2370 potuisse.
903 2311 906 2318 ¹
1156 2300 1260 2346 nou
1282 2260 1439 2367 potuisset
1461 2283 1480 2344 ι’
1507 2280 1687 2346 monetariis
1715 2259 1849 2393 publicis
1877 2276 1988 2342 omni-'

348 2397 351 2406 ’
468 2383 537 2447 Viri
558 2381 670 2448 eruditi
699 2403 764 2449 non
790 2381 895 2469 pauci,
926 2403 995 2447 cum
1020 2379 1162 2474 riderent
1195 2381 1255 2459 bus
1276 2383 1354 2449 artis
1378 2401 1453 2447 suae
1478 2379 1673 2446 adminiculis
1699 2381 1838 2468 apprime
1863 2379 1981 2464 instru-

384 2482 417 2548 ιιι
437 2484 536 2550 nuruis
565 2493 701 2552 veterum
731 2503 811 2572 opus
839 2483 930 2550 altius
959 2492 1101 2564 exsmns,
1130 2493 1163 2549 et
1194 2484 1272 2580 etis?
1320 2483 1444 2550 Deinde
1474 2503 1567 2550 cauma
1599 2504 1640 2550 ex
1665 2482 1775 2550 formis
1802 2479 1979 2568 argillaceis

206 2626 222 2690 '.
317 2667 319 2671 Ι
386 2583 569 2672 adsurgens,
598 2606 689 2701 quam
718 2597 752 2654 ut
776 2585 867 2654 unius
895 2585 1000 2653 mallei
1022 2608 1084 2675 ope
1104 2607 1162 2674 po.-
1196 2595 1313 2680 capta
1323 2586 1395 2654 huic
1431 2594 1612 2671 argumento
1643 2587 1722 2675 male
1756 2579 1976 2651 adcommoda·

385 2687 494 2756 auisset
524 2687 646 2775 peragi,
684 2693 898 2776 quamcunque
938 2687 1068 2756 velimus
1101 2710 1163 2756 ma·
1197 2697 1262 2771 tur,
1290 2667 1325 2755 ιιι
1351 2709 1474 2776 supra
1471 2667 1760 2756 demonstravimus.
1810 2685 1908 2767 Quod
1937 2681 1978 2748 ad

384 2789 455 2856 triei
497 2799 635 2879 spectata
678 2789 792 2859 duritie
835 2789 971 2858 tribuere
1007 2801 1164 2880 praestan·
1198 2812 1309 2858 numos
1338 2792 1480 2878 majoris
1516 2783 1696 2909 voluminis
1741 2791 1864 2872 attinet,
1912 2807 1979 2854 nou

352 2951 354 2956 ,
384 2891 477 2976 fiam,
510 2894 614 2983 qualia
641 2892 842 2992 plerumque
855 2903 927 2960 sunt
960 2896 1062 2984 capita
1094 2915 1164 2982 par
1199 2895 1296 2963 ausim
1329 2911 1459 2982 negare,
1499 2893 1526 2960 si
1556 2895 1609 2982 qui
1641 2893 1729 2962 luere
1758 2889 1980 2982 magnitudinis

345 2987 350 2997 ⁶
385 2995 426 3062 ιιι
454 2998 589 3082 anticas,
623 2997 655 3062 iu
687 3000 821 3065 animum
851 3021 939 3066 suum
964 2991 1164 3078 induxerunt,
1199 2995 1480 3078 exuaordinariae,
1524 3017 1582 3063 eos
1611 2996 1795 3090 primum
1776 2995 1881 3077 susos,
1927 2990 1979 3059 de-

385 3101 606 3167 amonetariis
633 3099 772 3184 primum
792 3123 904 3167 numos
929 3101 964 3163 in
989 3099 1097 3164 formis
1124 3118 1167 3163 ex
1198 3097 1273 3164 inde
1316 3099 1430 3164 malleo
1465 3097 1586 3177 finitos,
1631 3096 1718 3183 quod
1755 3071 1914 3182 hddieque
1945 3092 1979 3158 in

385 3199 456 3282 ipsa
487 3201 614 3264 matrice
650 3202 749 3283 captis
791 3199 895 3280 fusos,
939 3196 1054 3263 deinde
1096 3217 1167 3262 cum
1198 3199 1317 3264 numia
1330 3198 1373 3263 ad
1400 3197 1641 3264 ostentationem
1669 3196 1758 3263 sactis
1788 3197 1856 3263 tieri
1886 3191 1979 3276 solet,

386 3298 514 3363 matrice
539 3297 687 3363 adcurate
715 3299 904 3380 commissor
928 3297 1033 3362 mellei
1053 3297 1166 3363 ictibus
1198 3297 1305 3368 licebit
1332 3301 1437 3364 nmen
1471 3313 1649 3386 opponere,
1694 3295 1841 3386 primum,
1885 3296 1979 3384 gemi-

387 3417 563 3483 supremum
600 3396 733 3463 nitorem
768 3419 805 3464 ac
836 3397 1059 3485 perlectionem
1094 3397 1166 3464 ade·
1200 3407 1305 3466 nabrm
1332 3398 1416 3468 bunc
1446 3400 1588 3467 laborem
1613 3399 1695 3468 forte
1722 3421 1788 3468 uon
1809 3399 1907 3468 tuisse
1925 3419 1980 3465 ne·
2096 3454 2100 3458 .
2132 3466 2137 3474 ,

317 3523 320 3528 ’
386 3507 470 3588 ptos.
521 3496 658 3565 Modum
693 3496 777 3564 huuc
808 3499 943 3566 ematius
979 3500 1168 3590 descriptum
1201 3502 1397 3585 cessarium,
1428 3500 1543 3569 deinde
1575 3513 1660 3571 certa
1697 3514 1834 3572 emtare·
1855 3501 1980 3584 iudicia,

387 3599 460 3668 vide
494 3599 577 3690 apud
614 3600 779 3686 Senonum,
816 3604 870 3691 qai
905 3623 974 3702 cum
1010 3603 1168 3693 plerisque
1201 3605 1294 3672 etiam
1344 3603 1386 3672 ιιι
1431 3606 1560 3674 maxim
1600 3605 1722 3692 moduli
1761 3629 1873 3676 numos
1915 3625 1983 3672 non

388 3701 501 3770 aliis
492 3724 525 3769 ιιι
560 3701 670 3772 eedem
702 3703 760 3772 tuit
804 3681 1012 3824 sententiefl)
1076 3707 1168 3776 Vltra
1199 3727 1319 3799 paucos
1355 3728 1450 3776 unum
1488 3709 1660 3780 adhibitum
1694 3711 1791 3780 fuisse
1826 3706 1979 3776 malleum.
2044 3783 2047 3792 y

387 3790 573 3896 progressus
595 3816 644 3874 est
665 3805 829 3888 dabertus,
859 3811 913 3897 qui
939 3807 1069 3878 eandem
1092 3833 1167 3900 ope·
1200 3809 1278 3906 Non
1322 3809 1419 3881 luisse
1438 3837 1441 3842 ”
1461 3821 1524 3880 ιιιιι
1566 3815 1790 3893 necessarium,
1834 3807 1980 3875 existimo

261 3991 266 4006 .
362 3909 489 3994 'mm'
480 3929 650 4004 impensam
677 3909 758 3978 dixit
786 3911 877 3978 etiam
907 3913 1007 3982 cumis
1038 3915 1167 3983 minoris
1200 3919 1383 4005 propterea,
1420 3917 1507 4005 quia,
1546 3928 1710 4003 autequam
1743 3907 1876 3979 orbiculi
1906 3907 1979 3976 mal·
2016 3961 2020 3968 .
2069 3997 2070 4002 ι

387 4010 524 4097 moduli,
551 4008 653 4103 neque
680 4011 832 4082 tumulto
859 4017 1165 4112 prominentisupe
1198 4017 1252 4084 leo
1297 4019 1574 4100 committerentur,
1618 4035 1727 4083 eorum
1760 4011 1888 4080 durities
1919 4031 1981 4099 ope
2102 4043 2113 4074 ι

387 4115 442 4197 ιιι,
465 4115 573 4203 quales
592 4117 667 4184 sunt
688 4115 808 4183 denarii
829 4115 1052 4186 Romanorum.
1088 4121 1166 4186 Cau·
1199 4121 1280 4206 ignis
1307 4130 1339 4187 et
1363 4118 1555 4197 vehementis
1576 4115 1690 4184 caloris
1713 4116 1757 4184 ita
1783 4115 1886 4204 potuit
1906 4123 1982 4182 tem·

388 4235 470 4299 sam,
498 4237 553 4286 cur
573 4217 657 4286 istud
678 4219 741 4286 sibi
760 4217 977 4308 persuaderet,
1003 4220 1165 4307 praeclaro
1198 4221 1316 4310 parari,
1343 4231 1378 4287 ut
1405 4219 1517 4314 ictibus
1546 4219 1647 4285 miuus
1668 4215 1855 4286 resisterent
1898 4216 1982 4284 Vide
2033 4299 2038 4305 .

389 4313 508 4388 auctori
541 4318 694 4390 dederunt
725 4329 866 4430 repertae
898 4319 1019 4388 formae
1043 4322 1166 4409 argilla·
1199 4323 1401 4402 Sarotumtt.
1439 4283 1578 4389 Tdmetsi
1608 4322 1683 4390 hni'o
1719 4343 1769 4390 ma
1800 4319 1982 4411 explicatio·

390 4583 391 4588 ,
455 4537 487 4606 ιι)
505 4539 544 4594 ιιι
529 4561 581 4597 cra.
599 4557 650 4598 ant.
667 4541 696 4597 P.
714 4541 734 4596 ι.
752 4563 776 4602 a.
793 4537 819 4598 6·
890 4538 924 4610 ο)
940 4539 1016 4598 Τοιι.
1033 4542 1052 4595 ι.
1070 4561 1095 4612 p.
1113 4537 1172 4597 ddi.
1239 4542 1270 4615 p)
1288 4544 1364 4599 Nam.
1383 4545 1444 4599 Aut.
1460 4543 1489 4598 l’.
1506 4545 1525 4600 l·
1542 4565 1563 4600 e.
1581 4540 1606 4597 6.
