4438 5462
739 439 1296 598 ·ιιιιιιιιο.

252 667 337 734 tuto'
362 653 483 758 putavi
514 612 790 729 commemorare
823 649 1031 729 numismata
1063 591 1156 762 ohvii
1184 652 1396 756 argumenti,
1416 649 1522 753 qaod
1546 678 1611 753 per
1634 677 1756 728 omnes
1778 655 1853 788 sere
1878 698 1914 776 ·Ι

215 901 221 908 ,
250 823 477 923 imperatores
509 849 591 896 cum
622 817 753 908 taedio,
783 836 818 893 at
841 818 939 895 nullo
969 781 1183 924 philologiae
1207 817 1394 896 commodo
1427 795 1589 910 recurrit,
1614 787 1674 896 sed
1698 847 1858 927 quorum

175 1035 178 1042 ·
251 989 348 1064 locus
382 989 548 1091 proprius
581 1003 662 1064 sunt
694 982 802 1062 lerica
835 1005 871 1061 et
896 988 1054 1090 catalogi.
1106 987 1214 1086 Quod
1240 973 1333 1062 enim
1360 963 1505 1089 dignum
1533 965 1852 1090 operaepretium,

189 1231 197 1276 :
255 1155 385 1230 ellerre
425 1152 641 1255 singulorum
680 1157 921 1256 Augustorum
960 1181 1091 1230 numos
1128 1154 1313 1255 inscriptos
1352 1157 1584 1274 lllCTORlA
1621 1157 1748 1244 Ave„
1792 1153 1853 1232 vel

249 1323 372 1396 SPES.
405 1323 533 1409 AVG„
566 1317 711 1422 quando
738 1347 861 1396 eorum
886 1319 992 1431 nemo
1019 1320 1102 1410 suit,
1135 1320 1214 1421 qui,
1239 1320 1301 1394 etsi
1328 1321 1456 1404 victus,
1480 1346 1552 1392 ιιοιι
1579 1347 1654 1395 sese
1678 1321 1848 1396 victorem
1971 1348 1982 1370 ‘

250 1486 374 1577 ferret,
398 1504 449 1576 et,
472 1507 553 1562 curn
580 1478 729 1592 maxime
756 1486 964 1592 desperaret,
990 1517 1061 1564 ιιοιι
1090 1487 1193 1562 etiarn
1221 1487 1320 1588 sp'em
1346 1485 1485 1592 pnhlice
1501 1459 1665 1602 jactaret?
1715 1489 1845 1588 Neque

249 1654 364 1758 minus
390 1651 500 1729 aliena
527 1671 579 1730 est
604 1655 749 1732 molesta
774 1656 966 1732 multorum
994 1652 1185 1757 diligentia,
1214 1654 1293 1754 qui,
1320 1662 1414 1752 qua'e
1440 1670 1521 1734 sunt
1546 1651 1692 1728 aliorum
1718 1622 1844 1754 partes:

176 1845 181 1852 '
250 1807 441 1921 occupant,
473 1837 508 1894 et
541 1819 585 1894 ad
620 1821 840 1937 explicandos
872 1853 1014 1912 numos,
1047 1850 1138 1934 quae
1163 1819 1270 1922 vulgo
1295 1819 1339 1894 ab
1365 1819 1551 1910 historicis,
1575 1837 1609 1938 et
1633 1789 1842 1926 mythologis¹
1919 1831 1949 1898 ,'
2024 1881 2029 1890 .

249 1982 373 2058 tradita
393 2000 501 2073 -sunt,
533 2013 614 2060 cum
647 1985 837 2090 legentium
862 1989 976 2066 taedio
1003 2005 1198 2078 arcessunt,
1229 2003 1453 2096 cum-tamen
1479 1987 1560 2062 artis
1583 1985 1763 2064 numeriae
1787 1983 1842 2060 lex
1929 2079 1936 2096 x

247 2127 318 2222 rrorr
351 2148 395 2222 sit
426 2148 553 2260 docere
588 2152 782 2241 historiam,
817 2157 872 2236 vel
904 2156 1170 2259 mythologiam,
1203 2152 1264 2231 sed
1295 2155 1478 2257 utriusque
1513 2153 1594 2228 artis
1619 2137 1841 2254 praecognita
1900 2119 1905 2130 ¹

246 2329 306 2388 aut
332 2315 527 2407 emendare,
552 2303 613 2422 ant
637 2321 819 2415 illustrare,
843 2324 905 2399 aut
929 2326 1028 2404 novis
1055 2322 1220 2428 erernplis
1244 2320 1469 2426 locupletare.
1520 2322 1639 2416 Quem
1664 2345 1748 2397 vero
1775 2319 1839 2396 elai

227 2469 388 2578 ⁸minime
421 2511 601 2604 morosum
634 2517 707 2566 non
739 2489 856 2622 taedio
889 2509 1027 2584 enecet,
1061 2487 1168 2596 quod
1191 2489 1277 2565 suit
1290 2493 1551 2590 Havercampo
1559 2487 1758 2591 proprium,
1784 2509 1865 2561 re-·
1941 2539 1948 2550 ·

242 2643 347 2720 citare
376 2647 414 2756 irr
454 2665 605 2756 utraque
639 2607 759 2758 lingua
793 2659 1002 2762 farraginem
1034 2659 1329 2770 testimoniorum,
1361 2672 1396 2733 et
1420 2656 1543 2760 longos
1569 2654 1717 2734 aliorum
1744 2681 1839 2728 corrr-
1946 2657 1953 2672 '

247 2813 452 2898 menterios,
478 2845 568 2921 quos
593 2824 714 2920 paucis
739 2823 891 2900 indicare
912 2829 996 2908 satis
1021 2829 1153 2934 luerat,
1176 2825 1227 2902 arl
1244 2824 1429 2904 verbum
1418 2853 1455 2900 ιιι
1482 2852 1572 2924 opus
1597 2851 1702 2898 suum
1728 2783 1838 2897 trans-

245 2937 363 3049 ferre?
388 3005 461 3079 quo
486 2981 668 3096 quidem
655 2988 813 3069 rrrstituto
839 2990 923 3091 quid
951 2995 1112 3070 scientiae
1139 2991 1290 3082 accedat,
1315 2989 1401 3065 nihil
1418 2988 1537 3076 video,
1563 2989 1625 3062 etsi
1642 2986 1837 3089 plurimum

241 3129 456 3222 volumini.
451 3151 634 3252 Denique
659 3151 835 3236 brevitati
844 3187 902 3234 rne
929 3163 1172 3240 consulturum
1199 3151 1387 3242 existimavi
1414 3139 1622 3274 declinanrlo
1644 3154 1728 3230 bina
1744 3153 1842 3243 vitia,

241 3305 370 3414 quibus
396 3313 512 3392 hercle
536 3323 666 3411 summi
684 3345 797 3427 'saepe
823 3327 1009 3430 antiquarii
1033 3330 1209 3406 immunes
1233 3357 1306 3404 non
1323 3329 1477 3416 suerunt,
1502 3343 1536 3399 et
1553 3309 1706 3427 qirorrim
1722 3323 1751 3397 is
1768 3279 1882 3426 suit-i¹
1979 3311 1985 3319 ’

241 3472 368 3562 exitus,
391 3496 432 3554 ut
456 3481 648 3586 legentibus
675 3507 736 3568 aut
760 3493 870 3570 risum
895 3489 1093 3588 moverent,
1118 3445 1179 3573 aul
1206 3493 1432 3572 stomachum.
1484 3498 1538 3572 Ea
1562 3491 1717 3594 intelligo
1743 3487 1833 3580 vitia,
1887 3535 1889 3542 ι

240 3663 333 3738 quae
354 3644 486 3744 Graeci·
505 3665 756 3751 περισσολογιαν
781 3678 816 3735 et
839 3696 1027 3762 neprrpyrav
1044 3664 1230 3767 appellant,
1254 3664 1420 3740 nimirum
1437 3689 1518 3736 cum
1535 3659 1693 3762 amplum
1709 3655 1835 3736 verho-
1860 3769 1863 3778 1

239 3831 335 3895 ιιιιιι,
368 3825 404 3882 et
436 3810 641 3892 eruditionis
670 3847 875 3926 apparatum
907 3830 1123 3938 conserimus
1155 3829 1199 3906 ad
1231 3828 1432 3933 explicanda
1466 3853 1629 3942 quaeque
1654 3822 1835 3910 levissima,
1868 3933 1873 3946 ι
1946 3905 1948 3910 ,
1994 3897 2001 3906 ,

238 3985 272 4042 et
306 3999 398 4072 quae
428 3977 570 4058 tandem
603 3941 752 4088 opelose
785 3979 950 4106 explicata
976 4027 1103 4100 parurn
1129 3998 1305 4075 scientiam
1332 4013 1484 4072 nostram
1510 3993 1649 4092 jurant,
1682 4005 1835 4080 etcum,
1894 3992 1898 4004 '
1936 4064 1942 4077 ,

239 4136 335 4235 q¹¹⁰d
368 4148 588 4246 propositum
618 4153 690 4230 -suir
721 4162 922 4258 Vaillantio,
956 4167 1042 4242 nihil
1077 4196 1150 4244 esse
1175 4184 1247 4242 tam
1273 4163 1501 4274 abstrusum,¹
1516 4144 1587 4238 tarn
1613 4157 1835 4237 reconditum
1959 4177 1962 4186 ’

237 4318 417 4400 P¹¹¹³¹¹¹u⁸‚
450 4311 549 4413 quod
582 4347 653 4396 non
680 4331 855 4426 possimus
884 4331 1068 4408 enucleare
1092 4299 1252 4437 ingenio,
1285 4360 1352 4436 pro
1378 4359 1450 4431 quo
1477 4327 1596 4406 labore
1623 4328 1834 4436 plerumque

237 4469 338 4566 &1²5⁵
378 4502 539 4579 1mpenso
572 4513 675 4592 saepe
709 4493 803 4574 aliud
837 4527 908 4575 non
941 4467 1144 4638 referimus,
1184 4527 1293 4603 quarn
1324 4527 1435 4602 nugas
1467 4526 1637 4581 canoras,
1665 4488 1868 4592 nimirum

268 4613 349 4680 (m
368 4620 408 4690 p)
532 4654 542 4664 ,
1578 4609 1619 4650 cc
