4472 5472
717 417 720 428 ’
848 385 1110 514 CAPV'T
1164 440 1321 514 XVIL.
1638 479 1639 488 ι
1687 423 1725 536 ,’
1764 468 1863 522 xxuur
1945 554 1950 562 ‚

349 605 475 675 Infinita
509 613 582 672 sunt
613 602 774 692 exempla,
811 579 907 672 urbes
938 611 970 672 ct
1002 625 1048 701 re·
1083 602 1316 692 Philippopolis
1352 602 1521 685 Thraciae,
1566 623 1634 672 eum
1666 606 1778 676 Latina
1819 612 1864 680 ri·
1940 648 1947 656 ·
2023 567 2035 580 ο
2088 646 2092 656 =

267 708 378 796 giones
415 709 512 774 metas
547 707 676 774 victoris
713 703 851 794 populi
868 703 975 790 lingua
1016 704 1074 772 ιιι
1071 703 1160 770 deas
1204 706 1354 772 sociatam
1399 705 1548 771 Punicam
1591 717 1631 774 ιι
1657 709 1864 795 Numidicam,

267 811 395 878 moneta
421 809 552 875 locutas.
578 807 826 894 Posteaquam
853 804 1049 872 Macedones
1084 827 1173 893 quus
1195 806 1340 893 exempla
1361 807 1493 895 copiosa
1514 805 1602 874 dedit
1623 810 1830 880 Pellerinius'·
1833 814 1863 900 ),
1898 849 1903 856 -
1930 801 1937 806 ’
1982 871 1985 876 r

268 931 325 1000 per
352 910 526 980 Alexandri
546 869 608 979 M.
622 910 770 976 victorias
801 907 961 982 Orientem
988 907 1050 974 sibi
1082 915 1218 976 veterem
1245 909 1486 995 Hispaniensem
1508 919 1565 982 etr
1610 911 1707 978 Numi
1728 915 1889 990 Romani,

269 1012 339 1080 sub'
324 1033 458 1098 Jaeore,-
484 1012 590 1098 lingua
617 1013 737 1079 Graeca
764 1019 818 1076 aut
843 1011 962 1091 statim,
996 1019 1050 1075 aut
1084 1010 1245 1075 commatis
1279 1030 1407 1096 perraro
1441 1021 1514 1078 sunt
1546 1011 1701 1100 bilingues
1728 1014 1865 1084 admissa
1952 1001 1956 1007 ⁵

268 1113 429 1202 paullatim
466 1115 561 1180 totius
599 1114 736 1180 Orientis
769 1133 881 1179 numos
915 1132 1047 1198 occupa·
1079 1112 1117 1180 iu
1142 1112 1335 1178 consortium
1362 1111 1433 1178 sola
1460 1107 1596 1196 Graeca,
1634 1137 1726 1204 quam
1741 1201 1745 1208 ι
1758 1117 1863 1204 ιοιιιι
1940 1122 1944 1132 ”

267 1217 338 1299 ιιι,
385 1217 521 1304 ipsarum
565 1215 655 1282 etiam
697 1215 888 1302 regionum,
935 1212 1048 1301 quibus
1063 1267 1064 1270 ,
1082 1223 1115 1280 et
1135 1215 1247 1280 imitari
1269 1233 1393 1300 semper
1413 1214 1621 1282 honorificum
1643 1219 1743 1284 visum
1771 1221 1878 1298 etiam
1917 1263 1925 1279 r

268 1318 374 1404 lingua
407 1319 526 1394 Graeca
559 1328 632 1384 ante
665 1327 718 1384 aut
748 1316 806 1384 luit
836 1318 959 1403 ignota,
996 1319 1049 1388 aut
1082 1325 1240 1403 prostrato
1262 1316 1399 1404 populo,
1423 1319 1477 1403 qui
1497 1340 1535 1384 ea
1556 1319 1705 1386 utebatur.
1749 1321 1787 1387 Iu
1808 1320 1860 1388 da

267 1431 396 1508 propter
433 1419 681 1508 peregrinitatem
718 1441 825 1487 exosa
892 1419 1046 1484 Graecam
1081 1418 1176 1503 uariis
1218 1417 1352 1506 plurium
1394 1419 1549 1504 gentium
1562 1420 1771 1488 Romanarum
1806 1445 1860 1490 ex

266 1522 357 1608 igitur
391 1521 498 1590 rideas
535 1522 643 1588 Asiam
682 1523 834 1588 minorem
856 1519 1046 1587 mediterra-
1082 1527 1165 1586 stant
1191 1519 1300 1586 literae
1326 1517 1485 1607 alphabeti
1512 1523 1639 1604 Gracci,
1666 1525 1699 1589 in
1727 1523 1861 1592 denariis

152 1697 157 1704 ,
193 1683 199 1692 .
266 1643 355 1692 neam
391 1648 410 1690 a
442 1624 524 1691 solis
562 1633 652 1692 antea
688 1623 830 1690 barbaris
867 1621 1046 1700 habitatam,
1082 1623 1181 1709 gentis
1202 1619 1349 1706 VolteJae
1377 1631 1471 1688 notae
1499 1625 1689 1692 Graecorum
1720 1624 1860 1692 arithma

199 1725 208 1738 ‘
267 1727 411 1810 SJriam,
460 1725 684 1805 Phoenicium,
729 1723 899 1808 ιιιιιιιιι,
942 1721 1057 1806 Aegy-⁸
1081 1726 1172 1806 ticae,
1195 1733 1252 1792 ιιι.
1296 1724 1370 1790 ln
1361 1724 1475 1810 maigni
1501 1715 1595 1792 numo
1625 1728 1789 1794 maximae·
1785 1728 1859 1795 ·fo'r·

266 1835 371 1914 ptum,
414 1827 697 1912 Mesopotamiam,
740 1826 810 1912 ipsa
843 1823 1049 1892 remotissima
1082 1848 1151 1893 mae
1178 1826 1277 1893 musei
1303 1826 1452 1892 Caesarei
1480 1849 1548 1894 aum
1577 1832 1677 1927 capite
1709 1830 1862 1898 Gordiani

268 1927 392 1996 Baetra
436 1930 577 1995 Graecae
602 1925 780 2013 exemplum
808 1933 913 1992 secuta
938 1919 1049 1990 Latina
1081 1928 1203 2018 reliqua
1240 1928 1325 1995 omni
1361 1929 1563 2015 inscriptione
1600 1920 1710 2002 Latina
1749 1932 1862 2019 legitur
1896 1944 1898 1946 ’

167 2010 197 2094 ’.
265 2027 406 2096 coloniis
437 2029 604 2096 Romanis
623 2049 682 2118 per
711 2027 888 2116 provincias
920 2025 1048 2114 sparsis,
1086 2033 1221 2100 ΘΕΟΣ.
1238 2032 1552 2112 ΟΠΛΟΦΟΡΟΣ,
1567 2033 1694 2100 iualiis:
1709 2033 1859 2116 ΝΕΙΚΗ,
1889 2081 1913 2109 ,.
2028 2037 2033 2044 “

270 2153 399 2219 quarum
423 2122 592 2220 pleraeque
617 2145 729 2198 numos
750 2130 861 2198 Latiae
877 2130 1049 2215 inscriptos
1087 2139 1156 2203 011
1153 2135 1376 2202 Aouoroc.
1418 2135 1457 2200 In
1487 2135 1620 2200 denariis
1641 2136 1779 2224 Philippi
1806 2158 1860 2224 pa.

269 2232 407 2304 edidere.
465 2233 607 2302 Tandem
642 2232 790 2302 inferiore
825 2253 903 2300 aevo
941 2251 1051 2302 omues
1083 2238 1155 2320 tris,
1199 2234 1270 2319 lilii,
1309 2245 1341 2302 et
1376 2236 1484 2302 uxoris
1518 2237 1649 2324 primum
1669 2240 1861 2327 comperen-
1895 2256 1899 2260 ·
1992 2311 2015 2328 ἢ
2121 2291 2125 2300 .

267 2333 389 2425 linguas
426 2336 506 2406 alias
548 2359 589 2404 ex
625 2335 711 2403 orbis
747 2335 883 2403 Romani
924 2341 1051 2400 moneta
1083 2347 1179 2408 notae
1213 2336 1352 2411 Graecae
1385 2339 1607 2428 arithmeticae,
1652 2361 1731 2427 quae
1763 2340 1861 2412 serius
1898 2325 1907 2338 ¹
1934 2361 1938 2370 ’

269 2441 415 2523 maurit,
444 2441 508 2508 nisi
544 2437 629 2528 quod
661 2459 718 2528 per
745 2437 909 2508 irlterralla
936 2435 1049 2526 princi·
1083 2443 1117 2508 in
1148 2442 1362 2510 Romanorum
1394 2451 1519 2510 moneta
1557 2431 1626 2508 cum
1658 2441 1785 2509 fastidio
1814 2464 1861 2510 re·

202 2550 206 2558 '
273 2551 346 2629 pum‘
361 2544 588 2623 Byzantiorum
608 2544 693 2608 numi
708 2541 828 2608 Graece
849 2550 922 2608 sunt
942 2538 1049 2606 locuti.
1084 2555 1218 2629 currunt.
1272 2545 1401 2611 Literas-
1423 2546 1574 2612 uariarum
1605 2543 1777 2630 linguarum
1807 2546 1861 2612 mi·

356 2644 538 2726 Servitium,
582 2643 736 2728 adulatio,
779 2643 948 2731 permixtio
991 2663 1048 2730 po·
1084 2649 1163 2715 scuit
1185 2657 1237 2714 aut
1258 2647 1436 2730 barbaries,
1464 2656 1497 2712 ut
1519 2647 1763 2714 commmunia
1785 2646 1859 2716 Gal·

271 2743 434 2829 pulcrum,
476 2765 572 2812 unum
614 2746 723 2811 etiam'
744 2746 901 2812 arbitrium
936 2739 1049 2813 numds
1082 2751 1151 2817 licis
1185 2748 1314 2815 Latinae
1341 2749 1469 2813 Graecis
1499 2750 1680 2828 miscentur,
1710 2757 1763 2816 aut
1793 2771 1859 2816 mo·

180 2929 184 2938 ¹
272 2848 418 2930 &tagra
443 2847 643 2934 parturivere.
695 2847 734 2912 ln
760 2847 952 2934 elegantibus
978 2847 1049 2915 Ma·
1083 2852 1201 2920 nerana
1231 2849 1408 2934 oscitantia,
1443 2857 1477 2914 ut
1509 2869 1577 2912 cum
1608 2848 1641 2913 iu
1668 2868 1751 2914 anuo
1784 2869 1860 2934 epo-
1956 2919 1960 2926 ,

275 2947 429 3016 cadonum
460 2947 710 3030 teusdrachmis,
730 2969 783 3016 *ex
811 2971 874 3036 quo
899 2951 1049 3018 Romanis
1084 2955 1160 3020 chae
1186 2951 1307 3024 PM,
1341 2971 1432 3036 quem
1446 2939 1447 2944 ’
1460 2946 1588 3014 exhibet
1614 2967 1722 3016 numus
1749 2949 1858 3031 Aradi,

269 3049 381 3139 parere
409 3059 481 3119 sunt
500 3051 598 3138 jussi,
624 3051 736 3138 legitur
763 3054 1046 3144 immoretur
1081 3056 1171 3126 litera
1192 3063 1350 3142 postrema
1371 3051 1400 3117 A
1422 3049 1593 3117 Phoenicia
1614 3057 1671 3116 est
1711 3098 1724 3120 .-

269 3163 300 3222 et
334 3154 543 3224 AESILLAS
574 3155 733 3234 Quaestor.
781 3156 829 3228 ln
836 3155 1048 3243 cistophoris
1428 3159 1444 3234 §
1476 3153 1516 3219 V.
1667 3219 1669 3229 ,

266 3256 982 3346 Asiae‚v.g.A11A.MrIEKor.,ar
1012 3259 1046 3356 P.
1305 3257 1356 3328 D'e
1377 3261 1468 3324 arara
1488 3259 1638 3324 rotatu.
1781 3265 1811 3304 '-

268 3356 509 3444 LENTVLVS.
540 3361 813 3430 IMPERATOR.
863 3363 903 3428 In
935 3361 1047 3442 aureis,
1184 3362 1238 3428 Sic
1266 3360 1392 3448 appello
1420 3359 1540 3440 literas,
1562 3379 1651 3446 ,quae
1672 3365 1795 3445 praeter
1815 3355 1861 3428 iu·
1914 3369 1923 3386 ”

270 3462 486 3548 argenteisque
521 3462 692 3530 Alexandri
722 3465 770 3536 M
805 3463 904 3532 habes
939 3464 1047 3531 ΑΛΕ
1083 3463 1284 3551 scriptionem
1315 3463 1415 3544 urbis,
1439 3460 1567 3550 populi,
1601 3460 1767 3549 principis,
1800 3480 1861 3525 ma·

272 3559 497 3646 EANAPOP„
547 3573 579 3628 et
620 3568 698 3632 Acen
742 3565 901 3634 Galilaeae
950 3564 1048 3632 literis
1082 3565 1228 3652 gistratus
1258 3586 1359 3632 aream
1391 3583 1554 3630 numerum
1582 3562 1739 3630 obsident
1801 3561 1861 3628 Ea·

268 3663 448 3732 Phoeniciis
475 3665 629 3751 scriptam
662 3668 823 3736 -Graecam
849 3691 919 3734 cum
945 3667 1047 3734 Phoe·
1082 3687 1150 3734 rum
1172 3689 1245 3734 usus
1268 3667 1414 3758 frequens
1435 3667 1494 3733 fuit
1514 3667 1546 3730 in
1568 3667 1668 3732 numi's
1684 3675 1748 3731 tam
1767 3664 1863 3729 Grae·

270 3769 351 3838 nicia
374 3769 503 3836 mixtam
524 3767 641 3856 passim
663 3765 798 3835 offerunt
824 3771 908 3836 numi
928 3769 1049 3838 rubium
1083 3791 1208 3849 corum,
1230 3775 1333 3856 'quam
1362 3769 1584 3834 Romanorum.
1633 3767 1794 3850 Frequens
1822 3764 1861 3830 iis

272 3871 478 3962 Phoenicius,
510 3873 661 3939 Graecam
688 3891 757 3936 erun
782 3871 940 3939 Hebruica
965 3875 1049 3940 nunti
1082 3871 1252 3960 hospitium
1277 3873 1311 3936 iu
1338 3872 1438 3937 numia
1466 3865 1664 3946 familiarum,
1699 3884 1801 3931 rarum
1822 3864 1862 3932 'iu
1969 3909 1974 3917 .

268 3995 373 4064 regum
403 3974 559 4056 iudaeae,
602 3973 747 4052 Latinam
789 3975 822 4040 in
866 3975 1045 4042 societmem
1083 3975 1218 4042 denaris
1239 3973 1388 4060 Augusti,
1417 3971 1521 4039 nullae
1547 3967 1606 4035 sub
1627 3965 1774 4048 Tiberio,
1804 3964 1862 4032 Ca·

269 4099 348 4150 uum
357 4079 477 4146 Graeca
497 4097 646 4166 recepere
659 4070 791 4144 Polemo
805 4077 846 4144 rt
863 4077 957 4144 Ponti
977 4099 1045 4162 rex,
1078 4065 1189 4194 ligula,
1218 4075 1366 4156 Claudio,
1398 4096 1452 4141 eas
1482 4072 1635 4140 admisere
1660 4065 1786 4155 aliquot
1805 4085 1860 4132 nu·

268 4178 434 4254 Assfioohia
462 4179 588 4264 Syriae,
626 4179 779 4247 Οιιιιιιι
814 4180 1043 4270 Cappadociae,
1077 4179 1119 4246 mi
1141 4177 1280 4245 Neronis
1303 4177 1407 4258 aenei,
1434 4195 1556 4242 rursum
1578 4172 1738 4260 disparent
1760 4171 1873 4268 usqae'

268 4280 396 4363 Tyrus
414 4291 446 4346 et
484 4281 655 4349 Damascus
699 4282 857 4367 coloniae,
904 4281 1043 4374 Cyprus,
1078 4279 1118 4348 ad
1148 4279 1329 4369 Philippos,
1369 4277 1516 4364 deinceps
1550 4275 1643 4364 copia
1662 4287 1731 4390 sua
1762 4269 1859 4338 mole·

337 4499 699 4573 lter->ll.lllp·t2l,seq.
