4472 5472
1063 145 1067 158 .

1056 190 1168 230 ‘2¹3

173 553 177 558 .
336 522 350 582 a
369 551 479 649 „m
535 586 540 602 ,
817 485 1198 630 ‚vnomconmvn
1228 485 1514 603 cassiana.
1589 533 1591 537 ’

371 697 583 777 contemptor,
615 707 681 759 non
711 687 904 772 mirabimur,
936 701 1050 779 passos
1079 691 1146 770 eos,
1182 677 1270 756 unus
1289 673 1351 776 est,
1380 697 1412 755 et
1437 689 1538 756 tribus
1565 686 1645 773 adeo
1673 675 1801 754 'circiter
1827 687 1961 756 saeculis

308 811 311 818 ⁴
372 791 516 861 monetae
548 811 622 859 suae
656 791 785 858 inscribi
810 792 919 861 titulos
947 792 1072 892 laudum
1104 791 1148 856 fa·
1182 799 1256 878 post
1305 789 1476 876 Caligulam
1527 791 1682 876 signatus,
1706 857 1712 865 ,
1735 783 1961 872 Florentinum,

254 919 262 927 ·
373 899 516 978 etruscis,
545 902 597 960 aut
620 891 818 962 humanitatis
845 893 977 976 modurn¹
996 893 1158 960 exceden·'
1184 893 1257 979 quia
1282 901 1313 958 et
1339 903 1501 978 argenteus
1529 902 1593 975 est,
1627 901 1657 959 et
1685 894 1855 974 Graecus,·
1879 871 1992 963 com-¹

247 1067 248 1074 χ
287 1013 290 1018 ’
373 999 455 1080 tei,
477 981 589 1083 atqie
612 995 690 1062 haec
718 1017 787 1063 cum
814 995 1012 1062 admitterent
1036 995 1148 1082 princi·
1182 995 1272 1060 matis
1305 993 1386 1060 adeo
1418 996 1589 1082 peregrini,
1629 996 1695 1062 no'n
1725 995 1879 1078 Romani,
1916 994 1963 1058 sie

302 1145 307 1154 ·
373 1115 454 1187 pest
484 1119 523 1164 an
558 1109 727 1186 propterea
765 1097 836 1164 vani
869 1094 963 1184 alque
1000 1101 1147 1175 amentes,
1183 1105 1217 1161 ut
1241 1095 1283 1162 rie
1308 1117 1402 1162 unum
1418 1096 1559 1184 quidem
1588 1119 1717 1164 aeneum
1749 1100 1815 1182 ejus
1843 1093 1986 1162 moduli

256 1277 261 1282 ,
347 1221 411 1266 -ac
444 1219 510 1268 non
541 1199 646 1288 potius
678 1170 809 1278 verduti,
840 1198 1011 1284 artiumque
1042 1197 1149 1283 politi·
1184 1217 1253 1263 cum
1285 1195 1447 1285 Caligulae
1480 1197 1583 1282 effigie
1614 1199 1784 1265 habeamus
1817 1195 1962 1293 superstit

180 1323 185 1331 ¹
286 1285 292 1300 ⁸
356 1283 478 1369 'comm
505 1299 607 1389 probe
632 1301 737 1386 gnari,
763 1319 837 1365 eum
863 1297 993 1378 scirent,
1009 1297 1149 1384 'obJeeto
1184 1307 1260 1380 tem,
1295 1299 1348 1384 qui
1373 1308 1428 1363 aut
1452 1319 1492 1364 eo
1520 1300 1610 1379 vivo,
1633 1295 1697 1364 'aut
1718 1300 1751 1362 in
1773 1297 1850 1364 urbe
1872 1289 1966 1364 cusus
2006 1289 2012 1300 ’

283 1483 286 1486 ,
375 1403 556 1486 damnus
569 1402 695 1470 nomine
722 1399 911 1489 populorum
942 1398 1061 1466 intendi
1094 1399 1150 1465 ob·
1185 1399 1235 1466 sit.
1278 1398 1321 1464 At
1348 1419 1424 1463 vero
1451 1399 1479 1464 si
1505 1399 1550 1464 sic
1577 1398 1729 1487 capienda
1755 1421 1824 1464 esse
1850 1399 1965 1466 Dionis
2079 1431 2084 1460 r

259 1521 263 1527 '
376 1503 575 1585 servantiam,
595 1501 878 1590 reverentiamque?
921 1499 1006 1588 Lege
1028 1500 1069 1567 de
1089 1499 1153 1564 hoc
1185 1499 1282 1568 verba
1311 1501 1466 1568 existimat
1493 1499 1685 1581 Morcellus,
1720 1500 1792 1586 quia
1824 1499 1878 1565 vix
1912 1519 1966 1564 ex·

376 1612 559 1692 argumento
602 1603 744 1670 Tacitum
754 1603 791 1687 ⁸).
838 1603 930 1688 Ergo
970 1611 1001 1668 et
1044 1597 1154 1682 vanus,
1187 1609 1249 1668 stat
1291 1622 1401 1676 numus
1437 1601 1596 1689 Caligulae
1639 1601 1791 1668 maximae
1835 1599 1966 1682 formae,

338 1779 343 1787 ,
377 1726 545 1791 amensque
573 1706 716 1788 Severus,
752 1705 800 1771 vir
830 1725 906 1796 sape
938 1701 1085 1770 cordatus
1123 1711 1155 1768 et
1188 1723 1315 1770 necesse
1352 1712 1402 1770 est
1442 1714 1592 1786 statuere,
1623 1713 1754 1772 senatu's
1796 1701 1904 1769 odium
1935 1703 1970 1768 in

351 1806 569 1886 dexteritatis
602 1806 762 1892 cognitae,
805 1826 890 1887 cum,
935 1805 1022 1894 quod
1055 1805 1153 1872 multo
1189 1804 1297 1878 omnes
1323 1807 1479 1894 principes
1515 1805 1590 1872 inde
1622 1806 1665 1877 ab'
1694 1805 1837 1891 Augusto
1869 1819 1969 1891 usque

377 1908 475 1994 magis
501 1903 686 1989 mirandum}
715 1907 867 1974 obscurae
893 1907 962 1996 ipse
988 1907 1155 1993 prosapiae
1189 1906 1230 1974 ad
1251 1911 1419 1998 ltaJanpm
1449 1908 1614 1994 flagrasse,
1653 1909 1725 1997 quia
1757 1907 1970 1986 soraborum

357 2009 426 2080 M
447 2008 567 2076 Aurelii
592 2032 626 2078 se
647 2009 743 2076 filium
769 2017 817 2076 est
837 2007 998 2095 professus
1021 2029 1063 2072 ex
1083 2027 1155 2072 cau·
1190 2007 1326 2074 omnium
1375 2009 1523 2076 deficiunt
1574 2013 1659 2077 numi
1706 2011 1796 2076 aenei
1842 2007 1970 2076 maximi

378 2113 438 2194 sis',
471 2133 548 2200 quas
574 2113 608 2178 in
633 2103 701 2198 ejivs
732 2110 892 2201 principis·
910 2117 1037 2174 moneta
1062 2128 1155 2194 expe·
1189 2108 1310 2176 moduli
1341 2106 1469 2200 Romae
1494 2113 1621 2196 signati,
1667 2111 1754 2197 quod
1780 2115 1847 2197 jam
1891 2107 1971 2178 inter

291 2281 296 2288 ,
333 2250 336 2254 ·
380 2212 510 2280 diemus.
1063 2232 1067 2242 ¹
1146 2293 1148 2296 Ι
1192 2229 1300 2277 omnes
1328 2213 1402 2277 artis
1429 2221 1555 2282 nostrae
1584 2213 1704 2297 peritos
1735 2213 1810 2278 satis
1838 2220 1970 2280 constat.
2004 2219 2052 2258 ‘-

361 2325 364 2335 ’
445 2311 620 2396 'Relictum
662 2311 810 2396 Augustis
853 2312 934 2393 anri,
979 2307 1158 2397 argentique
1193 2310 1291 2391 Quod
1322 2334 1397 2379 vero
1426 2333 1493 2378 non
1525 2313 1670 2380 obstante
1701 2321 1827 2379 senatus
1852 2313 1972 2392 edicto,

195 2491 200 2501 α
348 2459 352 2470 .
376 2417 437 2498 jus
460 2432 555 2499 supra
587 2432 629 2476 ex
660 2409 766 2477 Dione
798 2412 1018 2494 stabilivimus,
1056 2411 1158 2499 perhi·
1194 2413 1267 2494 etsi,
1294 2413 1381 2500 quod
1408 2413 1522 2483 eodem
1543 2413 1617 2479 loco
1639 2412 1727 2481 addit
1748 2415 1831 2496 Dio,
1859 2412 1972 2479 effectu
2057 2423 2067 2436 '

276 2565 278 2572 .
380 2513 490 2595 bente,
533 2521 673 2580 senatum
712 2511 871 2604 Caligulae
914 2511 991 2580 odio
1036 2533 1160 2580 omnem
1193 2535 1260 2586 non
1281 2515 1393 2596 carpit,
1416 2515 1503 2582 obvii
1523 2525 1626 2582 tamen
1648 2515 1807 2604 hodieque
1830 2515 1892 2582 sint
1914 2515 1971 2580 Ca·

380 2617 449 2700 ejus
466 2622 647 2697 monetam,
691 2613 749 2680 sed
771 2635 912 2682 aeneam
946 2626 1083 2706 tantum,
1127 2616 1161 2681 in
1194 2615 1308 2703 ligulae
1334 2619 1420 2682 numi
1446 2619 1551 2700 aenei,
1582 2612 1617 2684 in
1645 2640 1738 2684 causa
1762 2617 1847 2686 haud
1879 2614 1972 2683 dubie

383 2735 475 2805 quam
505 2735 618 2812 nempe
649 2737 741 2782 unam
773 2717 803 2782 ei
829 2721 882 2802 jus
919 2716 1003 2800 fuit,
1031 2716 1160 2788 conflari
1194 2728 1258 2800 est,
1283 2719 1396 2806 partim
1422 2705 1570 2806 quisita
1588 2720 1625 2786 in
1643 2743 1756 2788 numos
1778 2717 1972 2808 praesentes,

376 2807 519 2902 jussisse.
555 2816 729 2889 Molestum
750 2817 834 2886 hunc
854 2817 973 2896 nodum
994 2820 1040 2887 sic
1061 2820 1160 2910 expli·
1194 2831 1226 2887 et
1256 2821 1310 2907 qui
1333 2808 1444 2896 r‘edimi
1465 2821 1557 2906 facile
1582 2831 1743 2909 poterant,
1775 2810 1971 2900 desaevierit,

265 2974 268 2982 .
384 2941 455 2990 care
486 2928 585 3020 tentat
609 2919 803 2990 Marcellus:
846 2923 1008 3011 qu'oniam,
1050 2893 1160 3011 inquit,
1195 2943 1308 3009 eaque,
1338 2933 1374 2991 ut
1399 2923 1639 3012 lit,'paullatim
1666 2925 1872 3012 deferbuerit,
1904 2943 1974 3012 par·

362 3021 545 3110 Caligulae
583 3024 667 3089 numi
705 3025 808 3105 aenei,
857 3034 891 3090 et
926 3024 1051 3112 quidem
1086 3047 1162 3112 prae
1194 3027 1265 3107 tim,
1296 3027 1371 3112 quia
1398 3027 1499 3114 sparsi
1526 3031 1594 3110 J'am
1620 3035 1690 3092 toto
1724 3028 1856 3113 imperio
1890 3024 1975 3091 numi

272 3121 280 3127 ’
333 3197 334 3202 1
385 3125 501 3204 aureis,
546 3123 761 3218 argenteisque
803 3118 980 3228 abundant,
1025 3135 1163 3210 apparet,
1195 3127 1377 3212 imperatum
1420 3123 1548 3193 exitium
1584 3125 1674 3192 facile
1713 3125 1857 3193 vitavere.
1913 3126 1981 3190 Tea

269 3237 297 3310 J
335 3216 347 3280 ζ
384 3230 536 3296 asenatu
555 3241 622 3286 non
642 3224 675 3286 in
697 3225 765 3305 ejus
787 3231 943 3288 monetam
965 3238 1092 3288 aeneam
1113 3245 1164 3290 or·
1196 3235 1296 3293 stante
1334 3226 1449 3292 iterum
1491 3225 1652 3309 Dionef),
1697 3246 1799 3313 eoque
1844 3245 1975 3308 coaevo,
2072 3213 2079 3231 ⁸

204 3315 210 3324 “
308 3341 313 3364 ⁸
386 3319 536 3386 fflnariam
566 3320 731 3401 saevitum,
759 3321 816 3388 sed
847 3321 880 3384 in
908 3341 1019 3388 numos
1043 3347 1163 3392 aeneos
1198 3322 1358 3392 Caracalla
1402 3323 1505 3393 fratris
1551 3327 1650 3392 Getae
1699 3325 1775 3395 odio
1818 3337 1976 3400 monetam
2009 3339 2012 3346 '
2066 3357 2070 3367 ·

215 3503 217 3510 Ι
288 3421 317 3456 '‘
386 3420 514 3488 maximi
542 3417 678 3502 moduli,
712 3441 792 3507 quos
824 3426 905 3487 unos
938 3423 981 3487 ait
1012 3425 1164 3497 aDione
1196 3423 1263 3512 ejus
1296 3424 1458 3508 conflavit,
1493 3445 1546 3491 an.
1564 3448 1641 3495 vero
1669 3429 1836 3520 impetrare
1858 3433 2004 3520 potuit„

384 3523 514 3590 nomine
533 3519 740 3604 νομισματος
757 3545 816 3589 roo
833 3525 958 3610 χαλκου
975 3526 1086 3594 notari
1115 3527 1164 3592 Re
1197 3535 1322 3594 utnon
1348 3525 1382 3594 in
1409 3527 1493 3594 huuc
1526 3549 1624 3618 usque
1653 3531 1736 3602 diem
1764 3535 1862 3606 Getae
1891 3535 1976 3604 numi

353 3669 356 3675 ,
387 3637 475 3701 vera',
507 3621 623 3710 inquit,
651 3621 801 3692 hactenus
835 3619 916 3694 duos
948 3635 1066 3722 tantam
1097 3632 1164 3716 ejus
1197 3631 1231 3698 in
1252 3632 1337 3698 omni
1358 3623 1691 3702 metallo'abundent?

388 3725 512 3812 generis
538 3739 650 3794 numos
678 3723 840 3814 Caligulae
864 3730 898 3796 in
925 3731 1076 3818 catalogis
1099 3718 1164 3799 vll·
1283 3733 1387 3823 Atque
1417 3743 1451 3802 ut
1477 3735 1616 3824 longiori
1648 3735 1857 3828 disquisitioni
1885 3738 1980 3803 finem
2007 3722 2049 3772 ·“
2149 3781 2154 3788 -

388 3837 496 3916 gatos,
529 3847 624 3895 unum
656 3829 690 3898 in
722 3849 830 3898 museo
862 3831 1052 3922 Theupoli,
1074 3835 1169 3902 alium
1203 3835 1338 3926 denique
1359 3825 1543 3925 imponam,
1586 3839 1662 3905 satis
1692 3860 1766 3906 reor
1792 3838 1862 3918 his,
1901 3859 1996 3926 quae.

382 3933 424 3998 in
450 3943 559 3999 museo
581 3929 777 4001 Florentino.
820 3933 929 4001 Minus
957 3957 1074 4024 aequus
1095 3959 1169 4006 suae
1204 3941 1460 4023 commemoravi,
1511 3939 1695 4026 argumentis
1738 3938 1903 4026 stabilitam
1935 3941 1978 4007 vi·

391 4033 490 4122 ipsius
506 4063 509 4074 ·
523 4055 639 4104 causae,
666 4042 816 4126 patronus
852 4035 910 4102 luit
941 4037 988 4104 vir
1018 4037 1169 4120 eruditus,
1204 4039 1274 4108 deri
1298 4041 1398 4121 hane,
1432 4041 1474 4108 de
1500 4062 1562 4127 qua
1591 4041 1724 4123 aginus,
1757 4041 1838 4108 inter
1864 4042 1979 4128 princi·

386 4151 464 4202 'nam
496 4143 529 4202 et
550 4131 723 4224 ¹utrumque
755 4135 838 4202 hunc
866 4139 1019 4205 maximae
1052 4136 1170 4210 formae
1204 4159 1261 4227 pes
1290 4151 1322 4206 et
1343 4149 1482 4208 senatum
1502 4142 1557 4206 rei
1574 4129 1765 4232 monetariae
1785 4141 1981 4227 divisionem,

249 4272 281 4314 ,·
392 4239 518 4306 numum
546 4244 670 4324 poterat
696 4236 869 4326 negligere,
901 4248 933 4304 et
964 4236 1090 4325 quidem
1115 4237 1171 4306 nuss
1206 4250 1299 4327 atque
1329 4239 1415 4308 hunc
1438 4245 1491 4328 jus
1523 4263 1612 4310 suum
1641 4244 1759 4312 inserto
1792 4246 1827 4312 S.
1858 4248 1897 4317 C.
1925 4270 1979 4315 vo·
2026 4227 2030 4234 ⁵

168 4377 172 4384 -
234 4367 237 4376 ‚
287 4339 290 4346 ’
394 4357 477 4406 mum
504 4336 771 4426 Tbeupolianum,
800 4340 941 4428 qnia,ex
965 4340 1171 4408 conturniatis
1205 4341 1302 4410 luisse
1344 4340 1485 4409 indicari.
1541 4344 1709 4414 Enimvero
1749 4369 1818 4416 cum
1849 4357 1979 4431 conat,

1849 4503 1980 4516 «nanu-⁴·—

259 4521 264 4530 ’
358 4568 362 4576 ’
457 4554 486 4618 ο)
505 4558 573 4622 aas.
589 4557 632 4614 1v.
648 4557 692 4616 ar.
708 4563 750 4618 aa.
817 4556 1129 4632 obarmata.
