4472 5472
607 503 610 511 '
735 557 740 568 .
875 504 1098 582 CAPVT
1142 501 1263 578 XVII
1574 439 1579 456 ·
1737 531 1863 588 auxum

269 675 343 794 ppli
387 672 482 742 Adde
505 673 579 738 Ka.
609 671 724 754 Cymes
750 667 910 750 Aeolidis,
938 669 1049 752 Cydo-
1082 667 1302 756 loquacitatem
1319 657 1483 735 hortante
1525 667 1592 736 sive
1636 672 1785 754 vanitate,
1829 680 1860 744 et
1899 625 1915 699 .-
1957 641 1962 651 ,
2133 755 2140 774 ·

269 781 355 859 niae,
358 777 542 858 menas,
572 775 684 862 Cypri,
706 774 786 840 AA
807 773 968 840 Laconum
989 779 1047 839 ete.
1083 770 1265 852 ambitione,
1302 769 1369 838 sive
1394 770 1583 840 adulatione.
1628 773 1706 840 Οιιι
1730 791 1860 861 reguum

269 878 464 946 Pellerinius·
487 875 646 966 prolixum
671 876 765 942 uobis
794 874 968 992 catalogum
995 872 1048 940 de-
1083 873 1194 954 Syriae
1214 873 1332 940 ualeret
1354 874 1482 960 opibus,
1511 875 1587 940 satis
1617 875 1658 941 ud
1682 876 1861 963 dignitatem
2005 861 2009 868 ’

272 979 318 1046 dit
353 979 493 1062 urbium,
526 977 800 1066 populorumque,
845 978 898 1068 qui
933 995 1049 1043 nomeu
1083 975 1180 1042 visum
1201 983 1250 1042 est
1271 973 1408 1042 scribere
1429 973 1603 1042 modestum
1625 975 1703 1042 illud
1725 977 1862 1046 ΒΛΣΙ

270 1103 360 1152 uuum
381 1103 459 1163 una,
487 1081 584 1162 binis,
612 1081 710 1147 tribua
738 1078 872 1147 literis
862 1101 896 1148 m
923 1087 1049 1144 moneta
1081 1066 1227 1141 ΛΕΩΣ
1241 1065 1511 1146 muntium
1527 1077 1576 1144 vel
1590 1078 1860 1164 ANTIOXOY,

270 1203 454 1272 expressere
464 1189 515 1265 ),
542 1203 647 1250 ιιιιιιι
668 1205 717 1248 me
733 1180 841 1268 judice
862 1180 1069 1272 plerumque
1083 1185 1114 1242 at
1140 1195 1216 1248 uero
1243 1186 1409 1244 extenuata
1429 1182 1505 1264 ejus
1537 1179 1625 1264 regni
1650 1183 1791 1276 potentio
1819 1205 1859 1256 eu
2000 1273 2005 1278 ι
2053 1258 2058 1272 ,

265 1284 365 1365 'sallit,
400 1294 453 1351 aut
476 1285 585 1352 saltem
614 1285 788 1370 ambiguum
817 1290 865 1351 est
890 1283 1046 1362 iudicium,
1082 1275 1223 1345 tibiv.
1211 1299 1240 1366 g.
1263 1203 1467 1346 AntiochumJ
1471 1279 1544 1349 Xll.
1567 1280 1645 1346 baec
1665 1293 1858 1371 crepantem:

240 1403 258 1462 ,·
272 1387 388 1475 quod'
377 1407 405 1452 rs
428 1407 468 1452 ex
489 1388 586 1455 literis
614 1385 762 1453 solitariis
790 1386 886 1472 capit,
915 1384 1048 1502 demptis
1081 1373 1862 1454 ΒΑΣἹΛΕΩΣΑΝΤΙΟΧΟἘΔΙΟΝΥΣΟἘ
1908 1435 1913 1448 .

223 1483 224 1492 ’
269 1489 323 1569 iis,
354 1511 432 1578 quae
458 1489 637 1578 frequenter
662 1489 697 1556 in
725 1487 918 1555 eolouiarum
945 1487 1047 1552 numia
1077 1479 1376 1566 ΕΠΙΦΑΝΟῬΣ.
1387 1482 1867 1555 ΦΙΛΟΠΑΤΟΡΟΣΚΑΛ·
1961 1571 1974 1578 -

268 1602 448 1672 occurrunt,
481 1593 538 1658 sed
572 1593 613 1660 ad
644 1612 747 1682 quas·
744 1592 813 1656 rite
845 1588 1047 1676 explicandae
1081 1583 1313 1665 ΛΙΝΙΚΟΤ,
1340 1586 1481 1652 nimirum
1503 1596 1537 1651 ut
1554 1593 1705 1674 pauperes
1721 1590 1788 1673 jam
1809 1609 1856 1655 re-

263 1698 372 1779 juvant
399 1715 510 1762 causae
539 1693 629 1761 aliae.
672 1693 776 1758 sior]
798 1689 969 1761 solitarium
990 1713 1046 1757 no·
1080 1705 1135 1772 ges
1171 1679 1399 1772 provinciarum
1427 1692 1580 1774 jacturam
1613 1689 1770 1756 titulorum
1805 1713 1858 1758 uu·

267 1805 333 1864 tare
365 1798 531 1863 Euieritum
562 1793 757 1872 Lusitaniae,
791 1793 908 1872 donent
938 1792 1047 1880 praefi
1080 1789 1132 1876 pia
1159 1801 1333 1875 pensarent
1378 1791 1525 1877 Ephesiis
1553 1791 1713 1878 republica
1740 1791 1860 1879 integra

268 1898 387 1965 xaeC.
410 1897 465 1975 A,
492 1893 612 1962 idest.
645 1897 931 1979 caumatum.
976 1895 1051 1978 cea
1081 1913 1118 1956 ac
1150 1887 1267 1958 viribus
1306 1893 1428 1960 valente
1464 1891 1584 1960 suffecit
1617 1893 1719 1960 solum
1751 1893 1859 1962 ΕΦΕ-
1951 1949 1954 1954 ,

269 1999 330 2064 tiua
358 1995 472 2063 deinde
499 1994 663 2077 indicium,
701 2017 769 2063 eum
796 2017 911 2064 nomeu
921 1965 1051 2166 {populi
1081 1991 1228 2075 ΣΙΩΝ,
1252 2015 1358 2060 verum
1380 1996 1489 2063 attritis
1511 1995 1604 2062 rebus
1626 1997 1691 2062 suia
1713 1995 1860 2088 solabar

269 2099 362 2166 binae
394 2095 554 2166 literae'
534 2119 732 2184 αρχιιουσαι
762 2099 950 2188 exprimuni,
989 2097 1047 2168 sed
1081 2101 1131 2160 tur
1156 2117 1225 2162 sese
1253 2096 1428 2164 honoribus
1450 2090 1625 2179 adscititiis,
1652 2118 1681 2164 ι.
1704 2117 1733 2184 g
1733 2081 1858 2165 ΕΦΕ-
1952 2147 1956 2160 .
2022 2142 2027 2150 -

269 2200 371 2270 adbuc
396 2211 461 2270 tum
489 2201 634 2268 cautione
657 2221 736 2289 opus
757 2211 818 2283 est,
849 2213 881 2269 et
907 2221 1001 2290 saepe
1028 2225 1047 2268 a
1081 2171 1202 2266 ΟΙΩΝ.
1224 2202 1259 2266 A.
1281 2199 1467 2274 ΝΘΩΚΟΡ.
1493 2202 1541 2266 Η.
1568 2186 1749 2266 ΠΡΩΤΗ.
1772 2187 1858 2264 ΠΛ

267 2305 359 2371 variis
381 2305 466 2372 varie
487 2303 544 2370 suit
565 2313 733 2392 peccatum.
765 2303 844 2398 lpse
860 2304 1068 2372 Pellerinius
1081 2301 1179 2368 GilN.
1193 2302 1291 2368 ΚΑΙ.
1309 2300 1532 2370 ΜΕΓΙΟΤΗ.
1577 2301 1663 2368 Coni
1659 2321 1692 2368 er
1707 2311 1738 2367 et
1752 2301 1858 2382 Smyr·
1883 2291 1887 2301 ’

209 2457 215 2462 -
267 2427 390 2477 numum
441 2410 521 2473 ΛΑ
571 2406 810 2474 Lacedaemona·
859 2405 1045 2487 eruendavit,
1080 2423 1234 2476 ιιιοιιιιι
1261 2413 1455 2472 tumorem.
1477 2404 1596 2471 Auctae
1622 2397 1685 2492 per
1717 2401 1858 2469 ambitio·
1897 2485 1900 2495 Ι

268 2512 331 2598 qui
346 2519 449 2578 certae
477 2519 526 2578 est
551 2509 726 2592 Larymnae
753 2509 917 2579 Boeotiae
962 2505 1047 2576 Mox
1080 2527 1165 2585 uem,
1193 2514 1245 2571 aut
1273 2506 1374 2574 laudis
1403 2499 1538 2576 studium
1565 2508 1736 2595 scripturae
1754 2503 1859 2572 multu
1938 2517 1939 2524 ’

267 2612 400 2680 uidimus
434 2612 540 2682 literas
570 2614 644 2678 ΚΤ.
673 2607 809 2699 plurium
839 2611 961 2679 urbium
992 2633 1045 2699 pa·
1079 2608 1236 2697 praebent
1274 2609 1460 2696 documenta
1503 2611 1589 2676 numi
1624 2610 1759 2676 Romani
1794 2607 1858 2674 tom

269 2714 391 2782 tientes.
455 2713 610 2795 Minuitur
652 2714 842 2800 arubiguum,
887 2724 940 2781 aut
981 2713 1047 2781 iere
1079 2710 1293 2795 familiarum,
1337 2733 1427 2799 quam
1481 2711 1724 2829 imperaturum,
1779 2731 1864 2797 quaa·

270 2815 426 2882 evanescit
448 2805 554 2880 additu
574 2813 663 2880 litera
688 2816 787 2880 tertia
831 2817 934 2902 Reges
954 2817 1046 2884 etiam
1079 2824 1250 2902 praetereo.
1293 2805 1530 2902 Adulationis'
1520 2835 1553 2879 ιι
1579 2812 1736 2900 principes
1764 2833 1857 2877 eano-
1915 2876 1922 2890 ,

247 2935 335 2983 -ιοι
362 2915 454 3003 pauci
479 2909 649 3004 scripturae
677 2915 864 3004 compendio
895 2909 966 2986 aurit
986 2921 1045 3003 usi,
1079 2938 1114 2982 ιι
1136 2913 1335 3003 suppeditant
1362 2923 1550 3008 argumenta
1566 2914 1651 2978 numi
1676 2923 1739 2977 tam
1760 2913 1857 2978 Grae·
1916 2963 1919 2967 .
2030 3009 2032 3016 Ι

270 3041 307 3084 ae
349 3017 517 3108 praecipue
564 3039 654 3106 reges
697 3019 838 3106 Bospori
881 3019 1044 3101 Cimmerii,
1080 3020 1122 3100 ci,
1139 3038 1252 3104 quam
1281 3017 1392 3084 Latini.
1447 2998 1663 3100 Pervulgatum
1696 3021 1744 3078 est
1778 3011 1858 3078 illud

267 3121 384 3209 scripto
412 3143 441 3186 v.
467 3139 514 3207 g.,
551 3121 665 3188 ΒΛΣ.
690 3123 757 3205 Π.,
803 3143 866 3210 quo
892 3122 1046 3192 indicatur
1081 3122 1262 3203 Cianorum,
1323 3118 1557 3202 Nicaeensium,
1613 3099 1858 3181 Caesarierrsium

266 3223 457 3299 ΒΑΣιλευς
478 3225 644 3308 Helenus
673 3224 767 3312 hojum
794 3225 930 3294 nominis
957 3225 1045 3308 alter,
1080 3222 1319 3312 Cappadociae:
1385 3221 1563 3303 KOMM
1573 3217 1637 3302 ΟΔ
1649 3216 1676 3284 0
1696 3223 1747 3291 u,
1806 3217 1858 3284 vel
1987 3249 1988 3258 ι

267 3323 343 3392 BA:
369 3327 488 3396 Rrec
518 3328 717 3411 ιιιιιοιῳιιιι
738 3333 781 3408 1.,
815 3329 893 3395 BA.
916 3331 955 3396 K
991 3352 1046 3397 rou
1079 3324 1367 3397 ceouHPOm
1412 3318 1778 3394 ΒΑΟΙΛΕΤΟΝΤΟΟ.
1820 3320 1857 3387 0.
1909 3385 1912 3394 ,
1949 3339 1958 3356 “

270 3424 357 3512 Gorys
386 3428 412 3490 1.
441 3435 498 3492 eto
554 3429 593 3494 In
619 3431 719 3495 numia
745 3429 930 3498 familiarum
958 3453 987 3506 ι.
1015 3449 1044 3517 g.
1078 3427 1271 3497 Kourion.
1294 3421 1700 3502 enarratiunculam,
1728 3420 1779 3490 vel
1804 3426 1858 3490 Sc·

269 3525 309 3602 Q.
337 3523 372 3590 C.
400 3521 449 3590 M.
475 3524 511 3588 P.
533 3526 556 3590 l.
583 3527 706 3596 idest:
753 3535 1046 3613 warnecautium
1080 3555 1149 3600 occo
1173 3543 1318 3616 regnante
1343 3529 1524 3608 miriseliu
1543 3540 1603 3606 art,
1633 3527 1714 3593 item*
1734 3526 1888 3614 copiosi·

266 3627 408 3694 Metellus
438 3625 515 3692 Pius
548 3629 724 3711 Imperator,
739 3633 820 3700 »sed
856 3635 897 3702 do
934 3635 1046 3723 quibus
1080 3632 1177 3714 tituli,
1209 3625 1304 3720 quos¹
1317 3629 1410 3698 rubes
1438 3629 1577 3696 Graecae
1605 3629 1639 3694 iu
1666 3627 1791 3700 Parthia
1817 3627 1858 3696 si·

267 3728 351 3798 alibi
395 3727 447 3796 De
476 3729 664 3816 compendio
692 3732 862 3820 scripturae
889 3757 951 3824 ope
980 3759 1046 3806 mo·
1079 3747 1131 3807 tae
1154 3736 1189 3801 iu
1214 3754 1304 3820 reges
1333 3731 1466 3798 Ριιιιιοι
1496 3729 1665 3796 eoumlors.
1714 3731 1857 3798 Romam

266 3839 514 3920 nogrammatum
536 3842 645 3919 agetur
665 3830 754 3900 iufra
1079 3837 1179 3926 turpis
1223 3835 1340 3906 aaroni
1377 3829 1527 3918 exempla
1568 3837 1698 3916 proptor
1734 3833 1857 3945 copiam

348 3935 528 4004 Generatim
550 3934 703 4016 observo,
729 3934 952 4024 parsbnouiam
972 3943 1044 4007 suri·
1081 3941 1201 4009 omitto.
1313 4003 1318 4008 .
1746 3974 1748 3983 ⁴
1901 3927 1907 3934 ⁹

252 4023 373 4120 'murae
398 4033 495 4106 lusae
524 4047 631 4106 ιοιιιι
658 4039 726 4107 aevi
748 4037 978 4158 simplicioris,
994 4051 1046 4110 aut
1180 4037 1389 4130 Inscriptioue
1431 4053 1611 4115 uumorum,
1654 4039 1764 4120 atquo·
1789 4035 1857 4118 ojus

268 4136 359 4202 ιιὶιιι
378 4139 595 4226 reipublicae,
634 4144 739 4230 regui,
776 4142 898 4231 imperii
931 4141 1042 4212 doren-
1079 4141 1246 4231 praecipue
1281 4141 1437 4222 ubertate,
1473 4159 1554 4228 quaa
1572 4134 1675 4206 ueteri
1705 4134 1857 4240 parsimo-

267 4236 324 4319 tis,
350 4240 384 4304 io
410 4246 502 4326 cujus
523 4243 627 4316 lucum
656 4253 739 4320 aetas
768 4245 844 4314 luxu
866 4245 1043 4336 deprauata,
1071 4246 1150 4314 uiae
1172 4244 1336 4324 successit,
1364 4263 1476 4328 magua
1501 4242 1534 4310 ιιι
1560 4239 1734 4308 uniuersam
1750 4237 1858 4326 ffphilo

269 4349 322 4407 ⁸¹¹⁸
354 4361 460 4409 rusus
488 4345 522 4418 iu
547 4323 642 4434 pejus
674 4360 899 4420 renumeratos
926 4351 1047 4462 inuexit
1079 4346 1196 4433 logiam
1228 4346 1357 4415 fluxisse
1388 4341 1566 4424 commoda,
1600 4345 1633 4410 ιι
1660 4347 1770 4428 aperto
1801 4347 1857 4406 est.

336 4557 511 4634 Jlssupplo'ru
486 4563 734 4636 uall.J···l⁰6re
708 4590 760 4648 req.
1187 4619 1191 4628 ,
1398 4583 1402 4594 ’
1618 4597 1621 4604 ·

300 4659 373 4728 (Vol.
390 4661 434 4726 ,ιι
476 4737 481 4750 .
1629 4663 1662 4710 m
