<?xml version="1.0" encoding="UTF-8"?>
<!DOCTYPE html PUBLIC "-//W3C//DTD XHTML 1.0 Transitional//EN"
    "http://www.w3.org/TR/xhtml1/DTD/xhtml1-transitional.dtd">
<html xmlns="http://www.w3.org/1999/xhtml" xml:lang="en" lang="en">
 <head>
  <title>
</title>
<meta http-equiv="Content-Type" content="text/html;charset=utf-8" />
  <meta name='ocr-system' content='tesseract 3.04.00' />
  <meta name='ocr-capabilities' content='ocr_page ocr_carea ocr_par ocr_line ocrx_word'/>
</head>
<body>
  <div class='ocr_page' id='page_1' title='image "./doctrinanvmorvm04grangoog_0027.png"; bbox 0 0 4438 5462; ppageno 0'>
   <div class='ocr_carea' id='block_1_1' title="bbox 960 379 1417 492">
    <p class='ocr_par' dir='ltr' id='par_1_1' title="bbox 960 379 1417 492">
     <span class='ocr_line' id='line_1_1' title="bbox 960 379 1417 492; baseline 0.009 -21"><span class='ocrx_word' id='word_1_1' title='bbox 960 379 1417 492; x_wconf 73' lang='lat' dir='ltr'><strong>enaennuro.</strong></span> 
     </span>
    </p>
   </div>
   <div class='ocr_carea' id='block_1_2' title="bbox 212 582 2055 717">
    <p class='ocr_par' dir='ltr' id='par_1_2' title="bbox 212 582 2055 717">
     <span class='ocr_line' id='line_1_2' title="bbox 212 582 2055 717; baseline 0.009 -59"><span class='ocrx_word' id='word_1_2' title='bbox 212 619 237 635; x_wconf 59' lang='lat'><strong>·¹</strong></span> <span class='ocrx_word' id='word_1_3' title='bbox 310 636 317 650; x_wconf 49' lang='grc' dir='ltr'><strong>ι</strong></span> <span class='ocrx_word' id='word_1_4' title='bbox 378 599 555 717; x_wconf 80' lang='lat' dir='ltr'>monetam</span> <span class='ocrx_word' id='word_1_5' title='bbox 588 582 831 686; x_wconf 87' lang='lat' dir='ltr'><strong>cujuscunque</strong></span> <span class='ocrx_word' id='word_1_6' title='bbox 862 588 991 666; x_wconf 87' lang='lat' dir='ltr'><strong>metalli</strong></span> <span class='ocrx_word' id='word_1_7' title='bbox 1025 619 1066 666; x_wconf 89' lang='lat' dir='ltr'><strong>ac</strong></span> <span class='ocrx_word' id='word_1_8' title='bbox 1097 587 1302 682; x_wconf 84' lang='lat' dir='ltr'><strong>voluminis,</strong></span> <span class='ocrx_word' id='word_1_9' title='bbox 1333 617 1426 692; x_wconf 82' lang='lat' dir='ltr'><strong>quae</strong></span> <span class='ocrx_word' id='word_1_10' title='bbox 1458 587 1571 702; x_wconf 81' lang='lat' dir='ltr'><strong>solum</strong></span> <span class='ocrx_word' id='word_1_11' title='bbox 1595 590 1774 668; x_wconf 83' lang='lat' dir='ltr'>ROMA</span> <span class='ocrx_word' id='word_1_12' title='bbox 1763 592 1970 697; x_wconf 69' lang='lat' dir='ltr'><strong>suscriptum</strong></span> <span class='ocrx_word' id='word_1_13' title='bbox 2040 647 2055 658; x_wconf 91' lang='lat'><em>-</em></span> 
     </span>
    </p>
   </div>
   <div class='ocr_carea' id='block_1_3' title="bbox 339 734 1971 891">
    <p class='ocr_par' dir='ltr' id='par_1_3' title="bbox 339 734 1971 891">
     <span class='ocr_line' id='line_1_3' title="bbox 339 734 1971 891; baseline 0.01 -65"><span class='ocrx_word' id='word_1_14' title='bbox 339 817 346 826; x_wconf 91' lang='lat'>.</span> <span class='ocrx_word' id='word_1_15' title='bbox 380 734 505 847; x_wconf 66' lang='lat' dir='ltr'><strong>offert,</strong></span> <span class='ocrx_word' id='word_1_16' title='bbox 534 768 732 891; x_wconf 88' lang='lat' dir='ltr'><strong>sequuntur</strong></span> <span class='ocrx_word' id='word_1_17' title='bbox 754 755 851 829; x_wconf 91' lang='lat' dir='ltr'><strong>numi</strong></span> <span class='ocrx_word' id='word_1_18' title='bbox 877 758 1043 859; x_wconf 86' lang='lat' dir='ltr'><strong>gentium,</strong></span> <span class='ocrx_word' id='word_1_19' title='bbox 1069 785 1131 832; x_wconf 85' lang='lat' dir='ltr'><strong>seu</strong></span> <span class='ocrx_word' id='word_1_20' title='bbox 1156 753 1365 838; x_wconf 77' lang='lat' dir='ltr'><strong>familiarum</strong></span> <span class='ocrx_word' id='word_1_21' title='bbox 1382 763 1633 864; x_wconf 88' lang='lat' dir='ltr'><strong>Romanarum,</strong></span> <span class='ocrx_word' id='word_1_22' title='bbox 1658 775 1765 860; x_wconf 86' lang='lat' dir='ltr'><strong>atque</strong></span> <span class='ocrx_word' id='word_1_23' title='bbox 1782 760 1836 840; x_wconf 88' lang='lat' dir='ltr'><strong>his</strong></span> <span class='ocrx_word' id='word_1_24' title='bbox 1854 788 1971 843; x_wconf 77' lang='lat' dir='ltr'><strong>succe⁴</strong></span> 
     </span>
    </p>
   </div>
   <div class='ocr_carea' id='block_1_4' title="bbox 310 887 1792 1036">
    <p class='ocr_par' dir='ltr' id='par_1_4' title="bbox 310 887 1792 1036">
     <span class='ocr_line' id='line_1_4' title="bbox 310 887 1792 1036; baseline 0.007 -44"><span class='ocrx_word' id='word_1_25' title='bbox 310 1019 314 1036; x_wconf 37' lang='grc' dir='ltr'>Ι</span> <span class='ocrx_word' id='word_1_26' title='bbox 378 893 486 994; x_wconf 82' lang='lat' dir='ltr'><strong>dunt</strong></span> <span class='ocrx_word' id='word_1_27' title='bbox 481 920 591 999; x_wconf 87' lang='lat' dir='ltr'><strong>numi</strong></span> <span class='ocrx_word' id='word_1_28' title='bbox 615 887 758 1000; x_wconf 90' lang='lat' dir='ltr'><strong>Romae</strong></span> <span class='ocrx_word' id='word_1_29' title='bbox 777 922 1040 1026; x_wconf 78' lang='lat' dir='ltr'>imperantis</span> <span class='ocrx_word' id='word_1_30' title='bbox 1005 951 1025 997; x_wconf 93' lang='lat' dir='ltr'><strong>a</strong></span> <span class='ocrx_word' id='word_1_31' title='bbox 1049 921 1146 998; x_wconf 90' lang='lat' dir='ltr'><strong>Julio</strong></span> <span class='ocrx_word' id='word_1_32' title='bbox 1172 928 1318 1002; x_wconf 78' lang='lat' dir='ltr'>Caesare</span> <span class='ocrx_word' id='word_1_33' title='bbox 1345 954 1459 1029; x_wconf 89' lang='lat' dir='ltr'><strong>usque</strong></span> <span class='ocrx_word' id='word_1_34' title='bbox 1485 925 1529 1003; x_wconf 90' lang='lat' dir='ltr'><strong>ad</strong></span> <span class='ocrx_word' id='word_1_35' title='bbox 1554 925 1792 1026; x_wconf 77' lang='lat' dir='ltr'><strong>Palaeologos.</strong></span> 
     </span>
    </p>
   </div>
   <div class='ocr_carea' id='block_1_5' title="bbox 289 1219 2065 2218">
    <p class='ocr_par' dir='ltr' id='par_1_5' title="bbox 289 1219 2065 1528">
     <span class='ocr_line' id='line_1_5' title="bbox 395 1219 2065 1363; baseline -0.002 -30"><span class='ocrx_word' id='word_1_36' title='bbox 395 1237 403 1246; x_wconf 37' lang='grc' dir='ltr'>Ι</span> <span class='ocrx_word' id='word_1_37' title='bbox 473 1257 626 1358; x_wconf 84' lang='lat' dir='ltr'><strong>Singulis</strong></span> <span class='ocrx_word' id='word_1_38' title='bbox 648 1254 807 1358; x_wconf 87' lang='lat' dir='ltr'><strong>partibus</strong></span> <span class='ocrx_word' id='word_1_39' title='bbox 833 1255 898 1330; x_wconf 89' lang='lat' dir='ltr'><strong>sub</strong></span> <span class='ocrx_word' id='word_1_40' title='bbox 924 1256 1032 1330; x_wconf 83' lang='lat' dir='ltr'><strong>finem</strong></span> <span class='ocrx_word' id='word_1_41' title='bbox 1059 1255 1272 1356; x_wconf 90' lang='lat' dir='ltr'><strong>adjiciuntur</strong></span> <span class='ocrx_word' id='word_1_42' title='bbox 1296 1257 1551 1363; x_wconf 75' lang='lat' dir='ltr'><strong>explicationes,</strong></span> <span class='ocrx_word' id='word_1_43' title='bbox 1579 1287 1671 1362; x_wconf 91' lang='lat' dir='ltr'><strong>quae</strong></span> <span class='ocrx_word' id='word_1_44' title='bbox 1695 1259 1802 1334; x_wconf 89' lang='lat' dir='ltr'><strong>totius</strong></span> <span class='ocrx_word' id='word_1_45' title='bbox 1827 1219 1971 1363; x_wconf 81' lang='lat' dir='ltr'><strong>praece·</strong></span> <span class='ocrx_word' id='word_1_46' title='bbox 2061 1323 2065 1330; x_wconf 91' lang='lat'>.</span> 
     </span>
     <span class='ocr_line' id='line_1_6' title="bbox 289 1385 1969 1528; baseline 0.005 -34"><span class='ocrx_word' id='word_1_47' title='bbox 289 1443 291 1448; x_wconf 83' lang='grc'><strong>’</strong></span> <span class='ocrx_word' id='word_1_48' title='bbox 375 1399 487 1495; x_wconf 80' lang='lat' dir='ltr'><strong>dentis</strong></span> <span class='ocrx_word' id='word_1_49' title='bbox 518 1423 682 1498; x_wconf 88' lang='lat' dir='ltr'><strong>materiae</strong></span> <span class='ocrx_word' id='word_1_50' title='bbox 708 1422 896 1526; x_wconf 87' lang='lat' dir='ltr'><strong>praecipua</strong></span> <span class='ocrx_word' id='word_1_51' title='bbox 919 1385 1038 1528; x_wconf 71' lang='lat' dir='ltr'><strong>&#39;capitii</strong></span> <span class='ocrx_word' id='word_1_52' title='bbox 1056 1426 1242 1516; x_wconf 86' lang='lat' dir='ltr'><strong>illustrant,</strong></span> <span class='ocrx_word' id='word_1_53' title='bbox 1275 1453 1315 1502; x_wconf 86' lang='lat' dir='ltr'><strong>ac</strong></span> <span class='ocrx_word' id='word_1_54' title='bbox 1339 1425 1542 1528; x_wconf 83' lang='lat' dir='ltr'><strong>cumprimis</strong></span> <span class='ocrx_word' id='word_1_55' title='bbox 1567 1425 1645 1516; x_wconf 87' lang='lat' dir='ltr'><strong>illa,</strong></span> <span class='ocrx_word' id='word_1_56' title='bbox 1663 1404 1784 1528; x_wconf 37' lang='lat' dir='ltr'><strong>&#39;quae,</strong></span> <span class='ocrx_word' id='word_1_57' title='bbox 1813 1426 1896 1528; x_wconf 87' lang='lat' dir='ltr'><strong>quia</strong></span> <span class='ocrx_word' id='word_1_58' title='bbox 1922 1425 1969 1502; x_wconf 90' lang='lat' dir='ltr'><strong>ad</strong></span> 
     </span>
    </p>

    <p class='ocr_par' dir='ltr' id='par_1_6' title="bbox 313 1583 2039 2218">
     <span class='ocr_line' id='line_1_7' title="bbox 364 1583 1967 1702; baseline 0.006 -43"><span class='ocrx_word' id='word_1_59' title='bbox 364 1583 492 1688; x_wconf 85' lang='lat' dir='ltr'><strong>plures</strong></span> <span class='ocrx_word' id='word_1_60' title='bbox 523 1583 651 1664; x_wconf 78' lang='lat' dir='ltr'><strong>riirmot</strong></span> <span class='ocrx_word' id='word_1_61' title='bbox 675 1589 867 1691; x_wconf 82' lang='lat' dir='ltr'><strong>pertinent,</strong></span> <span class='ocrx_word' id='word_1_62' title='bbox 893 1621 986 1682; x_wconf 92' lang='lat' dir='ltr'><strong>uno,</strong></span> <span class='ocrx_word' id='word_1_63' title='bbox 998 1599 1052 1670; x_wconf 81' lang='lat' dir='ltr'><strong>¹ac</strong></span> <span class='ocrx_word' id='word_1_64' title='bbox 1076 1591 1222 1702; x_wconf 86' lang='lat' dir='ltr'><strong>definito</strong></span> <span class='ocrx_word' id='word_1_65' title='bbox 1249 1593 1403 1698; x_wconf 89' lang='lat' dir='ltr'><strong>quodam</strong></span> <span class='ocrx_word' id='word_1_66' title='bbox 1430 1594 1508 1672; x_wconf 90' lang='lat' dir='ltr'><strong>loco</strong></span> <span class='ocrx_word' id='word_1_67' title='bbox 1535 1610 1617 1672; x_wconf 87' lang='lat' dir='ltr'><strong>sunt</strong></span> <span class='ocrx_word' id='word_1_68' title='bbox 1642 1590 1828 1680; x_wconf 82' lang='lat' dir='ltr'><strong>tractanda.</strong></span> <span class='ocrx_word' id='word_1_69' title='bbox 1879 1591 1967 1691; x_wconf 87' lang='lat' dir='ltr'><strong>Ejus</strong></span> 
     </span>
     <span class='ocr_line' id='line_1_8' title="bbox 313 1742 2039 1870; baseline 0.009 -44"><span class='ocrx_word' id='word_1_70' title='bbox 313 1753 509 1855; x_wconf 53' lang='lat' dir='ltr'><strong>«generis</strong></span> <span class='ocrx_word' id='word_1_71' title='bbox 535 1757 676 1832; x_wconf 90' lang='lat' dir='ltr'><strong>suntin</strong></span> <span class='ocrx_word' id='word_1_72' title='bbox 702 1767 993 1863; x_wconf 81' lang='lat' dir='ltr'><strong>parteL,quae</strong></span> <span class='ocrx_word' id='word_1_73' title='bbox 1019 1761 1229 1864; x_wconf 84' lang='lat' dir='ltr'><strong>explicandis</strong></span> <span class='ocrx_word' id='word_1_74' title='bbox 1255 1764 1370 1870; x_wconf 83' lang='lat' dir='ltr'><strong>numis</strong></span> <span class='ocrx_word' id='word_1_75' title='bbox 1395 1790 1538 1866; x_wconf 79' lang='lat' dir='ltr'><strong>regum,</strong></span> <span class='ocrx_word' id='word_1_76' title='bbox 1568 1779 1630 1838; x_wconf 89' lang='lat' dir='ltr'><strong>aut</strong></span> <span class='ocrx_word' id='word_1_77' title='bbox 1654 1742 1869 1836; x_wconf 87' lang='lat' dir='ltr'><strong>coloniarum</strong></span> <span class='ocrx_word' id='word_1_78' title='bbox 1897 1785 1968 1840; x_wconf 83' lang='lat' dir='ltr'><strong>ser·</strong></span> <span class='ocrx_word' id='word_1_79' title='bbox 2037 1823 2039 1828; x_wconf 73' lang='lat'><em>·</em></span> 
     </span>
     <span class='ocr_line' id='line_1_9' title="bbox 357 1864 1967 2048; baseline 0.002 -52"><span class='ocrx_word' id='word_1_80' title='bbox 357 1915 486 2037; x_wconf 53' lang='lat' dir='ltr'><strong>¹viunt,</strong></span> <span class='ocrx_word' id='word_1_81' title='bbox 519 1864 675 2017; x_wconf 76' lang='lat' dir='ltr'><strong>doctrina</strong></span> <span class='ocrx_word' id='word_1_82' title='bbox 705 1926 945 2001; x_wconf 82' lang='lat' dir='ltr'><strong>characterum</strong></span> <span class='ocrx_word' id='word_1_83' title='bbox 978 1927 1323 2031; x_wconf 82' lang='lat' dir='ltr'><strong>chronologicarum,</strong></span> <span class='ocrx_word' id='word_1_84' title='bbox 1355 1890 1619 2030; x_wconf 79' lang='lat' dir='ltr'><strong>magistratuum</strong></span> <span class='ocrx_word' id='word_1_85' title='bbox 1651 1929 1765 2006; x_wconf 90' lang='lat' dir='ltr'><strong>variae</strong></span> <span class='ocrx_word' id='word_1_86' title='bbox 1793 1917 1967 2048; x_wconf 81' lang='lat' dir='ltr'><strong>dignitatis</strong></span> 
     </span>
     <span class='ocr_line' id='line_1_10' title="bbox 371 2057 1967 2218; baseline 0.004 -58"><span class='ocrx_word' id='word_1_87' title='bbox 371 2108 433 2162; x_wconf 85' lang='lat' dir='ltr'><strong>seu</strong></span> <span class='ocrx_word' id='word_1_88' title='bbox 460 2113 593 2179; x_wconf 89' lang='lat' dir='ltr'><strong>sacrae,</strong></span> <span class='ocrx_word' id='word_1_89' title='bbox 619 2119 681 2166; x_wconf 87' lang='lat' dir='ltr'><strong>seu</strong></span> <span class='ocrx_word' id='word_1_90' title='bbox 708 2057 901 2204; x_wconf 79' lang='lat' dir='ltr'><strong>profanae,</strong></span> <span class='ocrx_word' id='word_1_91' title='bbox 922 2121 986 2168; x_wconf 88' lang='lat' dir='ltr'><strong>seu</strong></span> <span class='ocrx_word' id='word_1_92' title='bbox 1013 2091 1305 2209; x_wconf 78' lang='lat' dir='ltr'><strong>domesticorum,</strong></span> <span class='ocrx_word' id='word_1_93' title='bbox 1330 2123 1394 2170; x_wconf 88' lang='lat' dir='ltr'><strong>seu</strong></span> <span class='ocrx_word' id='word_1_94' title='bbox 1417 2100 1680 2183; x_wconf 89' lang='lat' dir='ltr'><strong>Romanorum,</strong></span> <span class='ocrx_word' id='word_1_95' title='bbox 1705 2093 1798 2170; x_wconf 82' lang='lat' dir='ltr'><strong>varia</strong></span> <span class='ocrx_word' id='word_1_96' title='bbox 1823 2092 1967 2218; x_wconf 84' lang='lat' dir='ltr'><strong>urbium</strong></span> 
     </span>
    </p>
   </div>
   <div class='ocr_carea' id='block_1_6' title="bbox 370 2245 1967 2360">
    <p class='ocr_par' dir='ltr' id='par_1_7' title="bbox 370 2245 1967 2360">
     <span class='ocr_line' id='line_1_11' title="bbox 370 2245 1967 2360; baseline 0.004 -32"><span class='ocrx_word' id='word_1_97' title='bbox 370 2253 565 2358; x_wconf 83' lang='lat' dir='ltr'><strong>privilegia,</strong></span> <span class='ocrx_word' id='word_1_98' title='bbox 598 2257 761 2360; x_wconf 88' lang='lat' dir='ltr'><strong>titulique</strong></span> <span class='ocrx_word' id='word_1_99' title='bbox 786 2245 988 2347; x_wconf 75' lang='lat' dir='ltr'><strong>honorifici,</strong></span> <span class='ocrx_word' id='word_1_100' title='bbox 1023 2260 1176 2338; x_wconf 77' lang='lat' dir='ltr'><strong>testeae</strong></span> <span class='ocrx_word' id='word_1_101' title='bbox 1202 2259 1292 2352; x_wconf 89' lang='lat' dir='ltr'><strong>ludi,</strong></span> <span class='ocrx_word' id='word_1_102' title='bbox 1325 2278 1440 2336; x_wconf 89' lang='lat' dir='ltr'><strong>certae</strong></span> <span class='ocrx_word' id='word_1_103' title='bbox 1464 2260 1519 2333; x_wconf 87' lang='lat' dir='ltr'><strong>his</strong></span> <span class='ocrx_word' id='word_1_104' title='bbox 1545 2259 1660 2334; x_wconf 85' lang='lat' dir='ltr'><strong>numis</strong></span> <span class='ocrx_word' id='word_1_105' title='bbox 1685 2257 1870 2359; x_wconf 88' lang='lat' dir='ltr'><strong>inscriptae</strong></span> <span class='ocrx_word' id='word_1_106' title='bbox 1895 2257 1967 2334; x_wconf 81' lang='lat' dir='ltr'><strong>ior-</strong></span> 
     </span>
    </p>
   </div>
   <div class='ocr_carea' id='block_1_7' title="bbox 199 2407 1964 2552">
    <p class='ocr_par' dir='ltr' id='par_1_8' title="bbox 199 2387 1964 2552">
     <span class='ocr_line' id='line_1_12' title="bbox 199 2407 1964 2552; baseline 0.006 -62"><span class='ocrx_word' id='word_1_107' title='bbox 199 2409 207 2426; x_wconf 76' lang='grc'><em>’</em></span> <span class='ocrx_word' id='word_1_108' title='bbox 369 2418 487 2522; x_wconf 85' lang='lat' dir='ltr'><strong>mulae</strong></span> <span class='ocrx_word' id='word_1_109' title='bbox 518 2439 573 2497; x_wconf 88' lang='lat' dir='ltr'><strong>ut:</strong></span> <span class='ocrx_word' id='word_1_110' title='bbox 619 2434 865 2518; x_wconf 78' lang='grc' dir='ltr'><strong>ΑΝΕΘΗΚΕ,</strong></span> <span class='ocrx_word' id='word_1_111' title='bbox 887 2407 1047 2504; x_wconf 66' lang='grc' dir='ltr'><em>ΕΤΟῪΣ.</em></span> <span class='ocrx_word' id='word_1_112' title='bbox 1068 2434 1204 2503; x_wconf 77' lang='lat' dir='ltr'><em>NEOY.</em></span> <span class='ocrx_word' id='word_1_113' title='bbox 1225 2434 1368 2502; x_wconf 73' lang='lat' dir='ltr'><strong><em>IEPOY</em></strong></span> <span class='ocrx_word' id='word_1_114' title='bbox 1388 2443 1452 2500; x_wconf 88' lang='lat' dir='ltr'><strong>etc.</strong></span> <span class='ocrx_word' id='word_1_115' title='bbox 1486 2443 1610 2500; x_wconf 90' lang='lat' dir='ltr'><strong>natura</strong></span> <span class='ocrx_word' id='word_1_116' title='bbox 1641 2450 1833 2549; x_wconf 88' lang='lat' dir='ltr'><strong>numorum</strong></span> <span class='ocrx_word' id='word_1_117' title='bbox 1865 2425 1964 2552; x_wconf 83' lang='lat' dir='ltr'><strong>cisto-</strong></span> 
     </span>
    </p>
   </div>
   <div class='ocr_carea' id='block_1_8' title="bbox 240 2540 2035 3198">
    <p class='ocr_par' dir='ltr' id='par_1_9' title="bbox 240 2540 2035 3053">
     <span class='ocr_line' id='line_1_13' title="bbox 369 2540 1961 2716; baseline 0.004 -56"><span class='ocrx_word' id='word_1_118' title='bbox 369 2585 576 2716; x_wconf 86' lang='lat' dir='ltr'><strong>phororum,</strong></span> <span class='ocrx_word' id='word_1_119' title='bbox 600 2609 639 2707; x_wconf 83' lang='lat' dir='ltr'><strong>et</strong></span> <span class='ocrx_word' id='word_1_120' title='bbox 661 2613 754 2696; x_wconf 86' lang='lat' dir='ltr'><strong>quae</strong></span> <span class='ocrx_word' id='word_1_121' title='bbox 779 2611 860 2668; x_wconf 90' lang='lat' dir='ltr'><strong>sunt</strong></span> <span class='ocrx_word' id='word_1_122' title='bbox 884 2595 939 2669; x_wconf 91' lang='lat' dir='ltr'><strong>his</strong></span> <span class='ocrx_word' id='word_1_123' title='bbox 966 2591 1076 2697; x_wconf 89' lang='lat' dir='ltr'><strong>plura</strong></span> <span class='ocrx_word' id='word_1_124' title='bbox 1093 2593 1157 2669; x_wconf 90' lang='lat' dir='ltr'><strong>alia</strong></span> <span class='ocrx_word' id='word_1_125' title='bbox 1175 2581 1261 2669; x_wconf 87' lang='lat' dir='ltr'><strong>scitu</strong></span> <span class='ocrx_word' id='word_1_126' title='bbox 1257 2591 1482 2708; x_wconf 86' lang='lat' dir='ltr'><strong>cumprimis</strong></span> <span class='ocrx_word' id='word_1_127' title='bbox 1499 2592 1724 2673; x_wconf 77' lang='lat' dir='ltr'><strong>necessaria·</strong></span> <span class='ocrx_word' id='word_1_128' title='bbox 1720 2598 1784 2666; x_wconf 92' lang='lat' dir='ltr'><strong>In</strong></span> <span class='ocrx_word' id='word_1_129' title='bbox 1803 2608 1902 2695; x_wconf 85' lang='lat' dir='ltr'><strong>parte</strong></span> <span class='ocrx_word' id='word_1_130' title='bbox 1918 2540 1961 2666; x_wconf 81' lang='lat' dir='ltr'><strong>it.</strong></span> 
     </span>
     <span class='ocr_line' id='line_1_14' title="bbox 349 2753 2035 2882; baseline 0.002 -52"><span class='ocrx_word' id='word_1_131' title='bbox 349 2753 635 2860; x_wconf 56' lang='lat' dir='ltr'><strong>&gt;explicabuntur</strong></span> <span class='ocrx_word' id='word_1_132' title='bbox 666 2761 758 2838; x_wconf 90' lang='lat' dir='ltr'><strong>tituli</strong></span> <span class='ocrx_word' id='word_1_133' title='bbox 788 2761 1041 2867; x_wconf 82' lang='lat' dir='ltr'><strong>imperantibus</strong></span> <span class='ocrx_word' id='word_1_134' title='bbox 1077 2759 1195 2837; x_wconf 88' lang='lat' dir='ltr'><strong>delati:</strong></span> <span class='ocrx_word' id='word_1_135' title='bbox 1227 2774 1284 2835; x_wconf 87' lang='grc' dir='ltr'><strong>ιιι·</strong></span> <span class='ocrx_word' id='word_1_136' title='bbox 1318 2761 1489 2848; x_wconf 87' lang='lat' dir='ltr'><strong>Caesaris,</strong></span> <span class='ocrx_word' id='word_1_137' title='bbox 1497 2760 1687 2882; x_wconf 80' lang='lat' dir='ltr'><strong>Augusti,</strong></span> <span class='ocrx_word' id='word_1_138' title='bbox 1718 2776 1796 2836; x_wconf 91' lang='lat' dir='ltr'><strong>tum</strong></span> <span class='ocrx_word' id='word_1_139' title='bbox 1828 2776 1961 2878; x_wconf 84' lang='lat' dir='ltr'><strong>natura,</strong></span> <span class='ocrx_word' id='word_1_140' title='bbox 1992 2759 2035 2864; x_wconf 37' lang='lat' dir='ltr'>J</span> 
     </span>
     <span class='ocr_line' id='line_1_15' title="bbox 240 2883 1962 3053; baseline 0.004 -57"><span class='ocrx_word' id='word_1_141' title='bbox 240 2883 262 2938; x_wconf 28' lang='lat' dir='ltr'><strong>&#39;i</strong></span> <span class='ocrx_word' id='word_1_142' title='bbox 369 2949 410 2998; x_wconf 91' lang='lat' dir='ltr'><strong>ae</strong></span> <span class='ocrx_word' id='word_1_143' title='bbox 438 2929 595 3026; x_wconf 87' lang='lat' dir='ltr'><strong>potentia</strong></span> <span class='ocrx_word' id='word_1_144' title='bbox 627 2929 800 3008; x_wconf 82' lang='lat' dir='ltr'><strong>variarum</strong></span> <span class='ocrx_word' id='word_1_145' title='bbox 827 2891 1053 3053; x_wconf 80' lang='lat' dir='ltr'><strong>dignitatum,</strong></span> <span class='ocrx_word' id='word_1_146' title='bbox 1085 2927 1283 3030; x_wconf 83' lang='lat' dir='ltr'><strong>cujusmodi</strong></span> <span class='ocrx_word' id='word_1_147' title='bbox 1303 2946 1406 3004; x_wconf 90' lang='lat' dir='ltr'><strong>·:sunt</strong></span> <span class='ocrx_word' id='word_1_148' title='bbox 1431 2923 1615 3003; x_wconf 87' lang='lat' dir='ltr'><strong>tribunicia</strong></span> <span class='ocrx_word' id='word_1_149' title='bbox 1640 2943 1809 3029; x_wconf 88' lang='lat' dir='ltr'><strong>potestas,</strong></span> <span class='ocrx_word' id='word_1_150' title='bbox 1834 2954 1962 3002; x_wconf 88' lang='lat' dir='ltr'><strong>consu·</strong></span> 
     </span>
    </p>

    <p class='ocr_par' dir='ltr' id='par_1_10' title="bbox 297 3059 2033 3198">
     <span class='ocr_line' id='line_1_16' title="bbox 297 3059 2033 3198; baseline 0.003 -38"><span class='ocrx_word' id='word_1_151' title='bbox 297 3062 299 3068; x_wconf 18' lang='grc' dir='ltr'>Ι</span> <span class='ocrx_word' id='word_1_152' title='bbox 366 3059 474 3178; x_wconf 86' lang='lat' dir='ltr'><strong>latus,</strong></span> <span class='ocrx_word' id='word_1_153' title='bbox 513 3094 795 3190; x_wconf 86' lang='lat' dir='ltr'><strong>proconsulatus,</strong></span> <span class='ocrx_word' id='word_1_154' title='bbox 834 3097 1057 3198; x_wconf 87' lang='lat' dir='ltr'><strong>pontificatus</strong></span> <span class='ocrx_word' id='word_1_155' title='bbox 1098 3096 1268 3173; x_wconf 85' lang='lat' dir='ltr'><strong>maximus</strong></span> <span class='ocrx_word' id='word_1_156' title='bbox 1299 3100 1557 3197; x_wconf 85' lang='lat' dir='ltr'><strong>Augustorum,</strong></span> <span class='ocrx_word' id='word_1_157' title='bbox 1596 3109 1761 3196; x_wconf 80' lang='lat' dir='ltr'><strong>tractatus</strong></span> <span class='ocrx_word' id='word_1_158' title='bbox 1794 3089 1839 3166; x_wconf 89' lang='lat' dir='ltr'><strong>de</strong></span> <span class='ocrx_word' id='word_1_159' title='bbox 1870 3092 1960 3170; x_wconf 85' lang='lat' dir='ltr'><strong>votis</strong></span> <span class='ocrx_word' id='word_1_160' title='bbox 2028 3101 2033 3108; x_wconf 89' lang='lat'>&#39;</span> 
     </span>
    </p>
   </div>
   <div class='ocr_carea' id='block_1_9' title="bbox 340 3247 1172 3345">
    <p class='ocr_par' dir='ltr' id='par_1_11' title="bbox 340 3247 1172 3345">
     <span class='ocr_line' id='line_1_17' title="bbox 340 3247 1172 3345; baseline 0.018 -20"><span class='ocrx_word' id='word_1_161' title='bbox 340 3247 633 3345; x_wconf 83' lang='lat' dir='ltr'><strong>decennalibus,</strong></span> <span class='ocrx_word' id='word_1_162' title='bbox 661 3257 705 3334; x_wconf 92' lang='lat' dir='ltr'><strong>de</strong></span> <span class='ocrx_word' id='word_1_163' title='bbox 730 3260 845 3336; x_wconf 88' lang='lat' dir='ltr'><strong>numis</strong></span> <span class='ocrx_word' id='word_1_164' title='bbox 868 3261 981 3338; x_wconf 89' lang='lat' dir='ltr'><strong>infimi</strong></span> <span class='ocrx_word' id='word_1_165' title='bbox 1007 3261 1082 3343; x_wconf 85' lang='lat' dir='ltr'><strong>aeri</strong></span> <span class='ocrx_word' id='word_1_166' title='bbox 1108 3279 1172 3340; x_wconf 84' lang='lat' dir='ltr'><strong>etc.</strong></span> 
     </span>
    </p>
   </div>
   <div class='ocr_carea' id='block_1_10' title="bbox 240 3575 2032 4208">
    <p class='ocr_par' dir='ltr' id='par_1_12' title="bbox 330 3575 1959 3868">
     <span class='ocr_line' id='line_1_18' title="bbox 388 3575 1959 3700; baseline 0 -35"><span class='ocrx_word' id='word_1_167' title='bbox 388 3641 390 3648; x_wconf 90' lang='lat'>·</span> <span class='ocrx_word' id='word_1_168' title='bbox 465 3589 597 3684; x_wconf 68' lang='lat' dir='ltr'><strong>Totum</strong></span> <span class='ocrx_word' id='word_1_169' title='bbox 632 3619 723 3695; x_wconf 89' lang='lat' dir='ltr'><strong>opus</strong></span> <span class='ocrx_word' id='word_1_170' title='bbox 753 3595 925 3676; x_wconf 88' lang='lat' dir='ltr'><strong>constabit</strong></span> <span class='ocrx_word' id='word_1_171' title='bbox 956 3575 1192 3676; x_wconf 84' lang='lat' dir='ltr'><strong>voluminibus</strong></span> <span class='ocrx_word' id='word_1_172' title='bbox 1223 3603 1338 3684; x_wconf 83' lang='lat' dir='ltr'><strong>Vnt,</strong></span> <span class='ocrx_word' id='word_1_173' title='bbox 1370 3620 1523 3700; x_wconf 88' lang='lat' dir='ltr'><strong>quorum</strong></span> <span class='ocrx_word' id='word_1_174' title='bbox 1555 3595 1673 3698; x_wconf 86' lang='lat' dir='ltr'><strong>priora</strong></span> <span class='ocrx_word' id='word_1_175' title='bbox 1697 3596 1758 3670; x_wconf 87' lang='lat' dir='ltr'><strong>tv.</strong></span> <span class='ocrx_word' id='word_1_176' title='bbox 1793 3591 1882 3694; x_wconf 83' lang='lat' dir='ltr'><strong>parti</strong></span> <span class='ocrx_word' id='word_1_177' title='bbox 1915 3599 1959 3680; x_wconf 84' lang='lat' dir='ltr'><strong>t,</strong></span> 
     </span>
     <span class='ocr_line' id='line_1_19' title="bbox 330 3739 1959 3868; baseline -0.01 -22"><span class='ocrx_word' id='word_1_178' title='bbox 330 3815 334 3822; x_wconf 93' lang='lat'>·</span> <span class='ocrx_word' id='word_1_179' title='bbox 364 3759 559 3860; x_wconf 69' lang='grc' dir='ltr'><strong>Ρθιῐθιίοιι</strong></span> <span class='ocrx_word' id='word_1_180' title='bbox 584 3760 675 3863; x_wconf 84' lang='lat' dir='ltr'><strong>parti</strong></span> <span class='ocrx_word' id='word_1_181' title='bbox 699 3767 744 3838; x_wconf 79' lang='lat' dir='ltr'><strong>tt</strong></span> <span class='ocrx_word' id='word_1_182' title='bbox 771 3759 1016 3844; x_wconf 87' lang='lat' dir='ltr'><strong>dedicavimus.</strong></span> <span class='ocrx_word' id='word_1_183' title='bbox 1069 3771 1192 3855; x_wconf 84' lang='lat' dir='ltr'><strong>Erunt,</strong></span> <span class='ocrx_word' id='word_1_184' title='bbox 1217 3759 1280 3868; x_wconf 87' lang='lat' dir='ltr'><strong>qui</strong></span> <span class='ocrx_word' id='word_1_185' title='bbox 1305 3763 1606 3862; x_wconf 85' lang='lat' dir='ltr'><strong>conjunctescum</strong></span> <span class='ocrx_word' id='word_1_186' title='bbox 1622 3785 1814 3836; x_wconf 91' lang='lat' dir='ltr'><strong>numorum</strong></span> <span class='ocrx_word' id='word_1_187' title='bbox 1831 3739 1959 3832; x_wconf 87' lang='lat' dir='ltr'><strong>descri-</strong></span> 
     </span>
    </p>

    <p class='ocr_par' dir='ltr' id='par_1_13' title="bbox 240 3881 2032 4208">
     <span class='ocr_line' id='line_1_20' title="bbox 286 3881 2003 4036; baseline -0.011 -22"><span class='ocrx_word' id='word_1_188' title='bbox 286 4005 294 4014; x_wconf 91' lang='lat'>.</span> <span class='ocrx_word' id='word_1_189' title='bbox 365 3923 487 4023; x_wconf 71' lang='lat' dir='ltr'><strong>Pli⁰¹¹0</strong></span> <span class='ocrx_word' id='word_1_190' title='bbox 520 3893 644 4004; x_wconf 64' lang='lat' dir='ltr'><strong>⁶⁰rt1¹¹¹</strong></span> <span class='ocrx_word' id='word_1_191' title='bbox 678 3881 780 4006; x_wconf 88' lang='lat' dir='ltr'><strong>etiam</strong></span> <span class='ocrx_word' id='word_1_192' title='bbox 811 3933 978 4036; x_wconf 79' lang='lat' dir='ltr'><strong>imagines</strong></span> <span class='ocrx_word' id='word_1_193' title='bbox 1012 3931 1268 4009; x_wconf 84' lang='lat' dir='ltr'><strong>desiderabunt.</strong></span> <span class='ocrx_word' id='word_1_194' title='bbox 1320 3935 1405 4011; x_wconf 86' lang='lat' dir='ltr'><strong>Non</strong></span> <span class='ocrx_word' id='word_1_195' title='bbox 1429 3930 1583 4015; x_wconf 87' lang='lat' dir='ltr'><strong>inficior,</strong></span> <span class='ocrx_word' id='word_1_196' title='bbox 1609 3923 1759 4000; x_wconf 85' lang='lat' dir='ltr'><strong>multum</strong></span> <span class='ocrx_word' id='word_1_197' title='bbox 1784 3923 1826 3998; x_wconf 86' lang='lat' dir='ltr'><strong>iis</strong></span> <span class='ocrx_word' id='word_1_198' title='bbox 1851 3923 1958 4025; x_wconf 89' lang='lat' dir='ltr'><strong>inspi-</strong></span> <span class='ocrx_word' id='word_1_199' title='bbox 1998 3905 2003 3914; x_wconf 94' lang='lat'>.</span> 
     </span>
     <span class='ocr_line' id='line_1_21' title="bbox 240 4053 2032 4208; baseline -0.003 -39"><span class='ocrx_word' id='word_1_200' title='bbox 240 4187 243 4194; x_wconf 24' lang='grc' dir='ltr'>Ι</span> <span class='ocrx_word' id='word_1_201' title='bbox 365 4087 496 4166; x_wconf 88' lang='lat' dir='ltr'><strong>ciendis</strong></span> <span class='ocrx_word' id='word_1_202' title='bbox 534 4093 647 4191; x_wconf 85' lang='lat' dir='ltr'><strong>juvari</strong></span> <span class='ocrx_word' id='word_1_203' title='bbox 679 4053 893 4208; x_wconf 85' lang='lat' dir='ltr'><strong>studentium</strong></span> <span class='ocrx_word' id='word_1_204' title='bbox 924 4076 1095 4190; x_wconf 83' lang='lat' dir='ltr'><strong>animurir,</strong></span> <span class='ocrx_word' id='word_1_205' title='bbox 1128 4127 1257 4201; x_wconf 89' lang='lat' dir='ltr'><strong>easque</strong></span> <span class='ocrx_word' id='word_1_206' title='bbox 1288 4097 1451 4174; x_wconf 84' lang='lat' dir='ltr'><strong>utilitates</strong></span> <span class='ocrx_word' id='word_1_207' title='bbox 1482 4109 1656 4198; x_wconf 87' lang='lat' dir='ltr'><strong>praestare</strong></span> <span class='ocrx_word' id='word_1_208' title='bbox 1689 4117 1761 4170; x_wconf 83' lang='lat' dir='ltr'><strong>uon</strong></span> <span class='ocrx_word' id='word_1_209' title='bbox 1787 4089 1957 4191; x_wconf 82' lang='lat' dir='ltr'><strong>vulgares.</strong></span> <span class='ocrx_word' id='word_1_210' title='bbox 2027 4093 2032 4100; x_wconf 84' lang='lat'><em>&#39;</em></span> 
     </span>
    </p>
   </div>
   <div class='ocr_carea' id='block_1_11' title="bbox 363 4239 1957 4370">
    <p class='ocr_par' dir='ltr' id='par_1_14' title="bbox 363 4239 1957 4370">
     <span class='ocr_line' id='line_1_22' title="bbox 363 4239 1957 4370; baseline -0.001 -37"><span class='ocrx_word' id='word_1_211' title='bbox 363 4253 433 4333; x_wconf 84' lang='lat' dir='ltr'><strong>Sed</strong></span> <span class='ocrx_word' id='word_1_212' title='bbox 460 4258 643 4344; x_wconf 84' lang='lat' dir='ltr'><strong>absterruit</strong></span> <span class='ocrx_word' id='word_1_213' title='bbox 666 4239 726 4340; x_wconf 81' lang='lat' dir='ltr'><strong>mo</strong></span> <span class='ocrx_word' id='word_1_214' title='bbox 747 4267 886 4369; x_wconf 82' lang='lat' dir='ltr'><strong>provisa</strong></span> <span class='ocrx_word' id='word_1_215' title='bbox 911 4284 1119 4370; x_wconf 90' lang='lat' dir='ltr'><strong>sumptuum</strong></span> <span class='ocrx_word' id='word_1_216' title='bbox 1145 4262 1368 4368; x_wconf 84' lang='lat' dir='ltr'><strong>magnitudo,-</strong></span> <span class='ocrx_word' id='word_1_217' title='bbox 1390 4293 1431 4338; x_wconf 89' lang='lat' dir='ltr'><strong>ac</strong></span> <span class='ocrx_word' id='word_1_218' title='bbox 1455 4249 1559 4340; x_wconf 86' lang='lat' dir='ltr'><strong>simul</strong></span> <span class='ocrx_word' id='word_1_219' title='bbox 1584 4256 1869 4336; x_wconf 85' lang='lat' dir='ltr'><strong>subiitanimnm</strong></span> <span class='ocrx_word' id='word_1_220' title='bbox 1896 4287 1957 4334; x_wconf 84' lang='lat' dir='ltr'><strong>co·</strong></span> 
     </span>
    </p>
   </div>
   <div class='ocr_carea' id='block_1_12' title="bbox 363 4387 1975 4542">
    <p class='ocr_par' dir='ltr' id='par_1_15' title="bbox 363 4387 1975 4542">
     <span class='ocr_line' id='line_1_23' title="bbox 363 4387 1975 4542; baseline 0 -41"><span class='ocrx_word' id='word_1_221' title='bbox 363 4424 518 4527; x_wconf 65' lang='lat' dir='ltr'><strong>gitatin„</strong></span> <span class='ocrx_word' id='word_1_222' title='bbox 541 4431 683 4514; x_wconf 86' lang='lat' dir='ltr'><strong>iconum</strong></span> <span class='ocrx_word' id='word_1_223' title='bbox 721 4431 893 4532; x_wconf 87' lang='lat' dir='ltr'><strong>jacturam</strong></span> <span class='ocrx_word' id='word_1_224' title='bbox 931 4433 1093 4516; x_wconf 85' lang='lat' dir='ltr'><strong>adcurata</strong></span> <span class='ocrx_word' id='word_1_225' title='bbox 1133 4452 1299 4542; x_wconf 81' lang='lat' dir='ltr'><strong>typomm</strong></span> <span class='ocrx_word' id='word_1_226' title='bbox 1337 4431 1564 4536; x_wconf 84' lang='lat' dir='ltr'><strong>explicatione</strong></span> <span class='ocrx_word' id='word_1_227' title='bbox 1602 4425 1789 4505; x_wconf 87' lang='lat' dir='ltr'><strong>commode</strong></span> <span class='ocrx_word' id='word_1_228' title='bbox 1828 4387 1975 4514; x_wconf 44' lang='lat' dir='ltr'><strong>erest)</strong></span> 
     </span>
    </p>
   </div>
   <div class='ocr_carea' id='block_1_13' title="bbox 0 0 2224 5462">
    <p class='ocr_par' dir='ltr' id='par_1_16' title="bbox 0 0 2224 5462">
     <span class='ocr_line' id='line_1_24' title="bbox 0 0 2224 5462; baseline 0 6"><span class='ocrx_word' id='word_1_229' title='bbox 0 0 2224 5462; x_wconf 95' lang='lat' dir='ltr'><strong> </strong></span> 
     </span>
    </p>
   </div>
  </div>
 </body>
</html>
