4438 5462
1002 221 1012 238 ‘
1044 221 1050 254 ι

840 465 1299 595 scs-evum
1479 451 1482 456 ’
1569 433 1573 441 ’
1771 515 1861 570 uu
1920 439 1946 465 ⁸

264 657 410 726 offerunt.
454 655 497 722 ιιι
525 652 647 736 dmavit
670 651 724 718 hic
748 613 861 720 mbdus
886 654 920 720 in
946 654 1050 742 ipsam
1080 627 1161 742 quos
1195 653 1304 728 mirum
1326 627 1446 720 ‘herulo
1486 664 1534 721 est
1568 673 1661 723 causa
1689 665 1751 722 tam
1785 679 1857 742 con·
1919 653 1952 736 ⁸„
2005 695 2008 706 ·

263 762 461 849 superiorum
493 756 704 844 Augustorum
736 765 879 824 aetatem·
937 745 1044 824 Serius
1078 754 1167 821 nacti
1193 747 1359 824 voluminis
1390 755 1574 851 cupidorum
1605 756 1716 826 oculos
1749 757 1858 826 fallere
1918 827 1922 832 ,

207 857 210 872 ’
264 863 352 928 numi
371 862 430 938 111
443 859 561 926 formae
577 859 615 930 ιιι
634 858 765 924 formam
783 853 827 924 ιι.
845 861 923 926 etl.
945 867 1043 926 trans·
1076 877 1142 924 non
1163 859 1313 946 potuisse.
1357 857 1441 925 Vide
1462 857 1554 945 hujus
1576 862 1699 948 generis
1712 861 1857 928 numnius

151 1035 155 1049 ι
264 965 365 1041 isere,
411 963 456 1028 sic
486 971 602 1042 tamen,
646 970 680 1044 qt
708 970 854 1047 quantum
883 961 1086 1028 accederet'
1077 980 1110 1024 ιιι
1132 969 1257 1026 moneta
1284 959 1519 1027 Atheniensium
1546 971 1578 1027 et
1606 965 1857 1036 Tarentinorum.
1938 955 1976 1058 .'

265 1065 448 1144 voluminis,
511 1073 629 1130 tantum
677 1061 884 1150 deperderent
934 1055 1043 1131 solidi
1079 1061 1175 1138 Quod
1202 1061 1242 1128 dc
1261 1049 1496 1129 tetradrachmis
1519 1063 1603 1144 dixi,
1636 1063 1678 1130 ad
1700 1069 1757 1132 eos
1780 1088 1856 1168 quo·

266 1177 339 1256 tate.
375 1169 453 1252 EJus
463 1175 559 1232 testes
573 1186 658 1232 numi
649 1161 923 1249 Atheniensium,
948 1165 1042 1231 Chio·
1077 1180 1152 1258 que,
1172 1164 1243 1250 qui
1271 1162 1428 1230 inferioris
1462 1174 1535 1233 sunt
1562 1165 1729 1254 ponderis,
1762 1149 1855 1251 valet,

236 1251 349 1351 'rum,
382 1269 570 1349 Samiorum,
606 1267 806 1374 aliorumque.
872 1267 943 1336 Soli
970 1265 1056 1333 Ale·
1078 1285 1209 1350 quorum
1230 1273 1278 1332 ιιι
1286 1268 1337 1354 qui
1359 1276 1432 1336 sunt
1453 1269 1672 1366 antiquissimi,
1695 1270 1741 1336 sic
1763 1272 1857 1338 etiam

266 1365 409 1437 xaudrini
437 1371 576 1458 Aegypti
606 1391 718 1436 numos
749 1392 824 1436 suos
856 1392 934 1439 aevo
967 1367 1044 1434 inie-
1072 1367 1174 1452 magis
1213 1367 1347 1449 solidi,
1361 1367 1477 1454 tigurae
1509 1356 1677 1454 globosae,
1715 1381 1767 1438 aut
1798 1373 1855 1439 ob·

266 1470 407 1540 riurein
434 1474 548 1544 arctius
577 1475 711 1559 spatium
737 1455 936 1559 redegere
911 1494 972 1552 sic,
1011 1479 1045 1537 ut
1076 1465 1207 1554 longae,
1251 1469 1308 1535 sad
1343 1492 1423 1557 quos
1456 1470 1570 1539 deinde
1605 1473 1715 1540 cultius
1746 1495 1856 1543 aevum

264 1585 296 1640 et
322 1575 511 1642 soliditatem
532 1571 715 1658 retinerent,
752 1574 838 1664 quod
866 1574 974 1642 videre
995 1582 1042 1639 est
1076 1571 1173 1656 magis
1209 1570 1394 1658 explicavit,
1437 1581 1468 1638 et
1506 1571 1547 1639 ad
1589 1574 1718 1640 formam
1758 1575 1855 1660 magis
1965 1638 1968 1643 ,
2000 1543 2005 1546 ἱ

261 1677 418 1746 inobviis
441 1699 550 1746 eorum
573 1679 682 1743 numis.
945 1729 948 1734 .
1075 1671 1200 1759 planam
1223 1695 1259 1746 ac
1280 1671 1445 1740 rotundam
1468 1673 1581 1760 adegit.
1631 1675 1732 1770 Fuere
1753 1673 1856 1744 umen
1942 1689 1945 1696 ⁴
2025 1673 2028 1681 ’

490 1779 562 1852 A'R
576 1780 688 1844 GEN
696 1780 724 1842 Τ
735 1779 814 1842 VM.
1076 1775 1167 1840 etiam
1193 1774 1273 1840 inter
1302 1776 1442 1841 Graecos
1475 1777 1706 1865 antiquissimos
1733 1779 1855 1866 populi,

348 1879 494 1964 Graecia*
517 1879 581 1944 late¹
613 1888 748 1966 sumpta,
786 1871 884 1964 eaque
914 1875 979 1942 sive
1006 1875 1042 1940 li·
1063 1873 1129 1964 'qui
1156 1877 1189 1941 in
1211 1896 1373 1942 numerum
1400 1897 1489 1942 usum
1511 1889 1670 1962 argentum
1691 1880 1724 1945 in
1746 1889 1854 1948 tenues

235 1979 358 2068 ⁴beru,
389 1981 456 2052 sive
486 1997 619 2067 regnans
655 1980 731 2048 varii
772 1977 893 2045 moduli
931 1998 1042 2044 numos
1075 1975 1207 2043 laminas
1218 1989 1395 2063 coegerunt
1440 1977 1629 2063 Hujusmodi
1651 1967 1728 2050 sunt'
1745 2003 1854 2050 omnes

264 2083 386 2149 habuit.
402 2093 574 2167 argenteos.
639 2084 733 2150 Pauci
759 2080 844 2164 sunt,
867 2081 935 2168 'qui
963 2101 1041 2168 pon·
1075 2078 1114 2159 ii,
1149 2072 1228 2165 quos
1258 2086 1376 2150 incusor
1404 2081 1609 2167 appellamus,
1648 2087 1762 2172 quique
1789 2106 1853 2153 om·

263 2182 340 2252 dere
361 2193 494 2272 quatuor
516 2184 680 2252 drachmas
698 2205 877 2266 excessere,
906 2182 990 2253 unde
1012 2191 1059 2248 et·
1075 2200 1164 2262 nes„
1196 2189 1231 2248 ιιι
1274 2180 1348 2276 alibi
1391 2181 1588 2266 docebimus,
1635 2188 1668 2251 in
1698 2185 1854 2254 Lucaniae
1911 2177 1937 2226 ¹·

263 2285 338 2356 dicti
381 2287 614 2370 tetradrachmi,
673 2298 765 2376 atque
809 2287 921 2368 horum
965 2286 1041 2352 anti·
1074 2281 1208 2370 huicque
1228 2283 1337 2350 vicinis
1360 2284 1487 2354 urbibus
1508 2287 1620 2373 signati
1642 2296 1732 2374 suut,
1759 2284 1853 2356 Adde

262 2389 401 2477 quissimi
428 2388 646 2477 solidimagis
674 2400 761 2472 sunt,
801 2389 953 2478 quam-in
981 2409 1042 2454 am·
1075 2406 1188 2456 numos
1220 2385 1343 2455 urbium
1369 2386 1558 2470 Sicularum,
1596 2390 1763 2480 praecipue
1793 2390 1853 2472 Sy·
1954 2403 1958 2408 “

262 2491 343 2580 plius
359 2521 363 2536 ·
377 2491 525 2588 volumen
559 2491 691 2574 diducti,
733 2515 811 2582 quae
839 2489 958 2560 deinde
985 2512 1042 2578 po·
1075 2499 1265 2570 recusarunt,
1294 2489 1395 2573 Naxi,
1418 2490 1586 2558 Abucaeni.
1630 2491 1694 2560 Sed
1716 2491 1768 2558 hic
1787 2511 1853 2559 mo-

263 2595 376 2664 sterior
407 2594 508 2664 forma
542 2597 692 2663 Graeciae
725 2597 822 2684 magis
850 2595 951 2661 cultae
976 2593 1042 2680 pla·
1077 2589 1135 2657 das
1166 2591 1315 2658 Graeciae
1359 2611 1502 2680 magnae,
1547 2601 1580 2660 et
1607 2593 1732 2662 Siciliae
1752 2595 1853 2684 ,fines

264 2697 335 2762 cuit.
390 2693 511 2764 Confer'
533 2697 779 2766 tetrcdrschmos
806 2696 1042 2763 Atheniensium
1075 2695 1130 2761 vix
1155 2704 1204 2760 est
1225 2713 1375 2780 egressus.
1441 2694 1567 2760 Praeter
1593 2695 1654 2762 hos
1681 2697 1748 2764 aevi
1770 2707 1852 2764 retu·

265 2799 496 2884 antiquissimos
528 2820 596 2865 cum
624 2801 769 2886 posteris.
837 2801 960 2867 Horum
996 2800 1043 2864 in·
1077 2795 1202 2862 stissin'ri
1233 2815 1345 2860 numos
1372 2796 1462 2862 etiam
1493 2805 1619 2863 moneta
1642 2817 1749 2884 regum
1780 2798 1852 2865 Per·
1915 2837 1920 2844 -

266 2899 399 2985 signem
422 2901 545 2988 copiam
591 2901 791 2988 suppeditant
821 2886 1043 2984 Athenienses,
1076 2899 1141 2964 siae
1170 2895 1423 2977 Sassanidarunr,
1457 2897 1510 2983 qui
1535 2917 1619 2963 anno
1646 2897 1700 2962 P.'
1709 2897 1750 2963 X.
1778 2901 1851 2966 226.
1932 2947 1937 2954 -

265 2999 390 3084 Thasii,
423 3002 549 3086 Aradii,
588 3003 782 3088 Maronitas,
815 3003 943 3097 aliique,
977 3013 1042 3072 tum
1076 3019 1185 3068 everso
1224 2997 1453 3065 Parthorum
1442 3000 1575 3086 smperio
1611 3017 1741 3085 regnare
1780 3017 1851 3063 coe

203 3117 208 3131 ¹
262 3111 295 3172 et
337 3103 517 3196 Philippus,
573 3108 718 3196 filiusque
759 3105 1021 3190 AlexanderM
1022 3155 1041 3188 .,
1074 3111 1200 3192 perunt,
1223 3101 1326 3168 tennis
1346 3108 1395 3168 est
1409 3096 1552 3168 laminae

254 3213 293 3278 et
315 3205 457 3297 plerique
484 3213 552 3296 ejus
578 3231 776 3278 successores
803 3231 901 3297 reges.
946 3207 1041 3274 Pauci
1158 3205 1293 3272 Romani
1322 3226 1391 3282 cum
1419 3203 1551 3292 primum
1579 3209 1738 3287 argentum
1759 3197 1852 3268 ferire
1946 3279 1950 3286 ,

261 3307 295 3374 in
328 3309 518 3378 Graecorum
549 3317 678 3399 argento
714 3322 853 3394 exstant,
896 3322 930 3379 ut
963 3311 1039 3392 dixi,
1075 3318 1259 3397 coeperunt,
1294 3311 1359 3394 ejus
1381 3318 1444 3374 tarn
1466 3305 1628 3386 volumen,
1657 3325 1748 3396 quam
1769 3325 1851 3370 cras·
1894 3327 1902 3342 ⁷
1957 3305 1965 3322 ¹

264 3409 410 3495 ponderis
443 3415 597 3480 auctioris
656 3415 695 3501 1¹¹.
715 3435 864 3504 praesens
891 3435 957 3481 non
989 3436 1040 3479 oc·
1075 3412 1191 3478 sitiem
1189 3410 1244 3478 ad
1271 3333 1446 3476 cultioris'
1432 3432 1498 3495 Jam
1527 3419 1592 3508 tum
1615 3407 1775 3474 Graeciae
1785 3428 1851 3474 mo·
1912 3403 1916 3414 “

265 3521 398 3578 currunt
416 3513 476 3578 elii
494 3525 616 3600 praeter
640 3493 778 3584 illustres
804 3517 880 3584 illos
907 3517 1039 3600 Syracu·
1075 3513 1147 3582 dum
1184 3511 1478 3594 adcommodaverc,
1523 3520 1554 3578 et
1592 3520 1674 3590 mum
1694 3509 1850 3590 cennius,
1898 3548 1903 3557 ,
2024 3519 2026 3526 ’

265 3635 361 3680 sanos
388 3615 643 3698 tamsoliditate,
673 3637 764 3704 quam
784 3619 944 3688 volumine
967 3637 1042 3685 con·
1077 3617 1131 3704 qui
1171 3615 1347 3682 drachmam
1379 3613 1445 3682 iere
1478 3612 1642 3702 adpendit,
1684 3620 1867 3701 temperrta.
1898 3637 1904 3656 ι

263 3717 391 3804 spicuos
434 3714 577 3806 pondere
621 3717 833 3810 drachmarum
876 3733 966 3806 octo,
1011 3731 1042 3787 et
1075 3717 1137 3785 fuit¹
1154 3716 1195 3784 ad
1216 3718 1363 3786 volumen
1385 3717 1541 3795 crassitie,
1571 3723 1602 3779 et
1629 3714 1675 3780 sic
1696 3715 1864 3802 quinarius

256 3814 413 3909 amplius,
445 3833 527 3908 qqos
548 3841 607 3887 suo
628 3819 704 3886 loco
728 3821 876 3891 dabimus.
919 3823 1041 3889 Ab'his
1076 3821 1217 3910 quoque,
1247 3842 1284 3887 ac
1305 3819 1473 3888 sestertius.
1526 3812 1616 3880 Nulli
1637 3815 1689 3879 hic
1711 3815 1853 3884 didrach-

263 3921 497 3990 tatradrachmis
532 3924 610 3990 varii
642 3921 774 3990 deinde'
789 3933 861 3989 sont
894 3923 1041 3992 deminuti
1075 3925 1132 4008 mi,
1165 3933 1218 3990 aut
1244 3923 1293 3990 his
1321 3923 1493 4010 graviores,
1525 3915 1634 3984 saltem
1660 3937 1741 4003 quos
1765 3923 1852 3982 certo
1978 3984 1986 4000 J

263 4045 327 4090 Ple
370 4023 537 4110 P⁰¹¹d0¹isss
598 4013 665 4093 siie
709 4024 876 4094 voluminis
918 4027 1041 4114 godus,
1075 4034 1201 4094 constet
1219 4024 1252 4092 in
1274 4026 1352 4092 urbe
1372 4025 1529 4112 signatos,
1563 4018 1604 4085 de
1631 4038 1694 4134 quo
1717 4011 1863 4104 explica·
1952 4097 1954 4102 ι

263 4145 343 4211 quos
371 4125 500 4196 definire
521 4124 652 4195 molesti
673 4138 757 4198 esset
785 4128 922 4213 laboris,
950 4137 1041 4219 atquc
1075 4131 1135 4198 tius'
1164 4147 1288 4216 agemus
1315 4129 1348 4194 in
1374 4134 1505 4194 tractmu
1534 4121 1576 4198 de
1607 4118 1707 4190 numia
1740 4140 1852 4186 consu·

265 4223 390 4294 inutilis·
422 4228 514 4297 Istud
530 4241 720 4300 memorasse
735 4217 907 4316 suliecerit,
928 4253 1042 4300 numos
1074 4231 1203 4299 laribus.
1250 4226 1370 4296 Eadem
1392 4224 1506 4324 deinde
1526 4218 1616 4290 ιιι
1607 4244 1639 4289 ιιι
1660 4230 1788 4288 moneta
1807 4241 1854 4288 ar·

266 4337 429 4412 argenteos
479 4333 670 4402 Graecorum
717 4333 939 4404 nonrrullorum
986 4335 1041 4401 ba·
1075 4341 1186 4420 gentes
1212 4330 1271 4398 sub
1291 4330 1440 4416 Augustis
1466 4317 1592 4416 quoque
1618 4346 1717 4413 usqne
1743 4319 1818 4392 ad
1808 4341 1854 4388 rn-

264 4426 333 4496 beri
368 4429 409 4498 ad
451 4431 608 4500 minimam
655 4434 840 4507 moleculam
884 4435 1042 4517 reductos,
1075 4434 1304 4504 [amaseorum
1331 4451 1440 4499 aevum
1467 4427 1598 4497 duravit.
1644 4424 1854 4515 Naqnevcro

265 4540 296 4599 et
340 4551 382 4598 ue
423 4552 518 4621 grana
556 4535 679 4628 quidem
723 4540 782 4606 tria
818 4535 1086 4626 adpepdantes,
1076 4557 1111 4606 ur
1148 4543 1273 4604 moneta
1311 4533 1397 4602 urbis
1435 4529 1566 4620 putandi
1607 4537 1680 4598 snat
1720 4527 1855 4618 argentei

296 4649 427 4720 (rur)
487 4706 490 4712 ,
572 4636 575 4645 “
1365 4739 1367 4747 Ι
1574 4669 1648 4743 ,ς
