4472 5472
362 435 480 548 n'xvm
735 428 782 460 ’
815 459 1191 576 rnonncomunn
1218 433 1509 544 causalem.

346 621 457 728 .quam
479 644 553 725 post
574 655 680 717 cusum
696 636 763 718 jam
784 653 910 702 numum
930 633 1056 702 eddium
1078 631 1145 714 fuit,
1179 593 1265 719 plum
1309 631 1438 715 orbem,
1489 653 1621 720 eumque
1669 631 1752 720 pari,
1810 642 1962 716 ornatum,
2041 635 2057 658 a

218 760 239 790 ’ν
364 740 422 811 sed
449 749 611 825 utrumque
638 735 795 802 metallum
826 742 893 822 jam
925 738 971 803 sic
1005 736 1162 806 commis-¹
1179 732 1396 822 porriguntur,
1439 731 1549 800 addito
1582 754 1717 821 superne
1749 734 1882 814 annulo,
1923 755 1964 802 ex

153 881 160 898 ι
221 843 226 846 ’
341 864 432 910 vsiren
453 840 597 908 incudem
616 847 792 926 expertum.
807 849 872 920 est,
899 861 971 905 nam
999 859 1094 926 saepe
1114 835 1148 902 in
1181 856 1244 920 quo
1267 835 1417 923 suspendi
1438 843 1579 923 possent.
1622 835 1761 902 Multum
1790 858 1865 923 ergo
1878 835 1982 920 ‚adliz
2069 905 2074 912 ,

339 943 414 1014 *his
454 943 554 1010 numis
592 942 775 1052 epigraphes
816 940 924 1006 literae
952 937 1011 1010 lin-
1039 938 1147 1005 orbem
1180 944 1331 1030 nessunt
1358 940 1462 1004 aeneis
1490 961 1560 1004 oum
1596 937 1658 1004 late
1685 949 1841 1026 porrecto
1876 938 1964 1020 orbe,
2041 933 2049 942 ”

365 1043 475 1126 ductae
509 1046 543 1110 in
581 1053 743 1131 utrumqne
769 1038 937 1134 ¹metallum
978 1041 1147 1124 incurrunt
1182 1033 1224 1102 de
1245 1038 1358 1123 quibus
1379 1040 1488 1126 paullo
1519 1061 1614 1128 supra
1640 1040 1707 1126 egi,
1736 1041 1797 1108 nisi
1824 1039 1911 1130 qnod
1931 1041 1982 1104 in''

366 1145 447 1226 Smat
462 1223 465 1228 ¹
480 1163 588 1212 omnes
622 1145 783 1211 commatis
815 1139 959 1208 Romani
1010 1145 1148 1210 Graecus
1182 1137 1231 1204 his
1254 1139 1367 1206 absunt
1394 1162 1532 1228 operosa
1552 1141 1609 1208 illa
1632 1153 1830 1227 ornamenta,
1858 1151 1890 1210 et
1912 1163 1964 1208 an·

363 1247 456 1346 bpjus
487 1257 614 1314 naturae
642 1246 781 1312 nondum
814 1253 1009 1331 conspectus.
1058 1244 1149 1308 Simi-
1182 1238 1283 1306 nulus.
1327 1241 1431 1324 Hujus
1462 1243 1603 1330 generis,
1618 1243 1682 1309 duo
1718 1240 1850 1333 cogniti,
1885 1265 1965 1310 unns
1999 1306 2008 1320 ,

364 1349 413 1416 les
433 1351 581 1416 lobertus
605 1351 672 1431 jam
701 1366 770 1411 cum
795 1345 952 1411 Hadriani
978 1346 1078 1432 capite
1105 1346 1145 1409 ci·
1181 1341 1335 1428 Honori,
1372 1343 1449 1408 alter
1482 1344 1594 1410 Gallae
1628 1344 1802 1429 Placidiee,
1838 1347 1964 1414 ineunte
2059 1335 2082 1366 ⁹

364 1452 463 1532 tat‘),
498 1449 555 1516 sed
581 1470 720 1514 museum
749 1445 864 1512 Albani
896 1447 1064 1534 praeclaris
1096 1446 1146 1513 his
1180 1439 1243 1506 hoc
1265 1441 1391 1508 saeculo
1413 1445 1446 1507 in
1461 1444 1736 1529 Geldria.effossi·‚
1761 1469 1841 1534 quos
1861 1449 1964 1534 pictos

365 1550 494 1618 cimeliis
525 1549 686 1636 insiguiter
717 1548 874 1636 locuples,
894 1557 966 1638 ante
982 1609 986 1618 ,
1001 1549 1147 1614 Οοωιιιοὲ
1181 1554 1213 1610 et
1235 1543 1411 1632 descriptos
1433 1545 1530 1613 habes
1551 1547 1585 1612 in
1598 1547 1752 1634 Epistolis
1773 1547 1888 1616 criticis
1904 1550 1963 1616 Ou-

365 1653 439 1720 dum
466 1651 584 1718 nullum
598 1649 721 1732 .,offert,
749 1650 823 1716 sed
856 1651 891 1716 in
920 1651 984 1717 hoo
1009 1652 1146 1740 reperias
1180 1647 1297 1734 periss),
1321 1649 1375 1733 qui
1397 1659 1453 1718 eos
1475 1649 1553 1717 vidit
1574 1649 1658 1738 ipse,
1680 1659 1747 1718 tum
1768 1649 1846 1715 etin
1862 1654 1967 1733 Sugga·

365 1753 466 1820 adhue
499 1775 568 1823 eum
603 1753 736 1838 imagine
768 1753 900 1836 Probi,·
917 1753 1066 1840 Magniae
1087 1754 1147 1834 Vr·
1180 1755 1213 1814 di
1232 1749 1418 1837 Concitet),
1450 1773 1514 1840 qno
1540 1751 1615 1818 loeo
1639 1751 1689 1821 Ol.
1711 1751 1901 1830 Biancbinus
1924 1749 1965 1818 de

161 1833 164 1850 Δ
244 1851 288 1922 “..
365 1853 471 1938 bicae,
508 1853 714 1936 Diocletiani,
746 1866 778 1923 et
810 1856 949 1943 collegae
980 1857 1146 1922 Maximia-
1181 1866 1289 1918 eorum
1316 1862 1421 1922 vetere
1454 1877 1512 1922 usu
1530 1855 1669 1944 prolixe
1698 1853 1842 1938 disserit,
1889 1875 1964 1920 con·

364 1957 405 2024 ni.
451 1957 564 2044 Operis
586 1968 658 2024 sunt
686 1957 751 2026 lere
778 1979 900 2045 semper
927 1958 1145 2045 pernegantis,
1174 1953 1325 2040 jieitque,
1350 1954 1403 2019 -id
1445 1977 1543 2042 genus
1586 1957 1708 2024 cimelia
1750 1957 1792 2024 ad
1834 1957 1964 2025 militum
2003 2017 2008 2028 .

366 2081 539 2148 quanquam
553 2054 560 2062 '
576 2061 726 2128 haetenus
770 2059 908 2126 divinare
951 2081 1027 2124 non¹
1060 2058 1147 2125 licuit
1180 2052 1328 2120 donativa
1353 2046 1506 2124 ualuisse.
1563 2059 1674 2125 Parum
1709 2059 1854 2147 equidem
1885 2059 1986 2128 arbi·x

365 2151 498 2228 causam
521 2164 654 2250 impensi
689 2164 722 2226 in
755 2161 818 2226 hoc
849 2181 1012 2226 numerum
1047 2181 1145 2248 genus
1179 2155 1288 2220 trarias
1342 2153 1409 2219 has·
1454 2162 1648 2243 conjecturas
1698 2182 1827 2243 moror,
1884 2181 1985 2243 cum„

364 2262 483 2329 laboris
505 2273 567 2328 tam
593 2262 710 2344 seduli,
748 2271 855 2348 atque,
891 2271 925 2356 ut
951 2261 1050 2328 videri
1073 2284 1144 2349 pos·
1179 2257 1255 2342 quia·
1281 2254 1449 2342 multiplex
1482 2280 1590 2346 eorum
1622 2282 1691 2326 esse
1724 2283 1799 2326 usus
1830 2271 1963 2348 poterat,

242 2355 266 2382 “’
365 2363 420 2443 sit,
450 2372 513 2428 tam
539 2360 769 2448 supervacanei.
815 2363 852 2428 In
881 2372 1034 2429 monetae
1057 2387 1145 2448 usum
1178 2369 1242 2424 tum
1274 2358 1346 2446 quia
1359 2391 1365 2404 =
1378 2379 1472 2424 causa
1497 2361 1619 2434 ,annexi
1650 2361 1758 2428 annuli
1785 2362 1867 2428 inter
1898 2371 1963 2428 tor·
1995 2396 2000 2403 ·

298 2473 303 2476 “
365 2463 461 2550 luisse
481 2472 636 2551 receptos,
659 2461 825 2532 verisimile
845 2464 899 2530 vix
921 2474 981 2535 est.
1182 2475 1258 2547 ques
1284 2461 1405 2546 potius,
1440 2483 1533 2549 quam
1558 2483 1670 2530 numos
1698 2462 1855 2534 referendi
1882 2474 1963 2531 sunt.

354 2623 363 2630 .
448 2565 550 2660 Fuere
581 2564 744 2652 antiquarii
778 2566 913 2632 nominis
945 2588 1011 2634 non
1042 2567 1147 2668 vulga·
1180 2562 1273 2640 Alios
1293 2561 1409 2629 similes
1430 2546 1504 2632 'vide
1527 2566 1592 2632 aeri
1606 2565 1730 2637 incisos
1750 2565 1784 2634 iu
1807 2565 1960 2653 Getulogo

229 2641 236 2646 ⁸
365 2665 425 2750 ris,
453 2669 589 2755 quibos
617 2667 751 2756 duplicis
778 2667 894 2734 metalli
921 2687 1062 2751 numos,
1077 2670 1148 2736 illu·
1181 2664 1341 2747 d’Enner'y
1366 2687 1440 2753 pag.
1468 2671 1540 2736 187.

314 2767 319 2784 “
366 2779 446 2836 stres
476 2793 552 2837 sane
578 2793 628 2836 ao·
644 2771 849 2858 conspicuos,
883 2793 952 2842 cum
980 2771 1148 2840 miserabili
1181 2769 1214 2788 '¹
1265 2767 1362 2856 Apud
1388 2769 1518 2844 eosdem
1550 2779 1694 2842 auctores
1727 2771 1963 2862 reperias-quo·

273 2865 276 2874 “
332 2931 333 2934 ,
367 2870 643 2950 Contorniatoruni
682 2893 777 2960 grege
819 2873 924 2961 inique
967 2875 1147 2961 confudere,
1183 2891 1244 2958 que
1278 2891 1390 2938 alueos
1426 2872 1653 2964 imperatorios,
1679 2874 1846 2943 voluminis
1881 2873 1964 2942 ordi·

367 2993 428 3061 qua
450 2975 490 3042 de
511 2975 731 3064 injuriando,
764 2998 842 3064 quae
865 2978 1001 3046 monebo
1028 2979 1062 3046 in
1088 2983 1148 3046 tr'a·
1182 2973 1276 3054 narii,
1291 2973 1371 3040 'hos
1398 2997 1524 3065 quoque
1552 2977 1586 3043 in
1615 2977 1724 3045 orbem
1746 2974 1891 3046 nonnihil
1914 2999 1963 3044 or-

264 3123 268 3132 «
366 3085 449 3143 ctatu
471 3077 511 3142 de
533 3080 633 3146 numis
657 3079 870 3146 Contorniatis
897 3100 965 3165 cap.
993 3081 1018 3144 Ι.
1177 3083 1304 3156 natum,
1327 3075 1386 3140 etsi
1406 3080 1508 3142 minus
1536 3077 1647 3158 latum,
1684 3101 1815 3166 eumque
1831 3079 1963 3144 -annulo

663 3249 669 3263 ,
856 3251 873 3264 ..
1045 3201 1082 3264 ·‚
1173 3175 1252 3239 item
1294 3175 1481 3260 praelixam,
1528 3187 1709 3263 porrectos,
1765 3179 1807 3244 de
1850 3179 1963 3266 quibus

417 3246 434 3320 l
468 3245 517 3308 13'
577 3244 673 3308 Nm
700 3265 766 3312 mm
795 3266 899 3309 ”m
916 3257 1096 3312 mmm
1180 3275 1267 3362 quod
1294 3295 1463 3357 moneam,
1489 3295 1555 3342 non
1580 3261 1705 3360 habeo,
1742 3278 1802 3344 nisi
1831 3302 1888 3347 eos
1917 3281 1963 3348 sio

678 3351 830 3426 lamed·
1178 3361 1274 3442 fuisse
1309 3375 1476 3461 formatos,
1515 3388 1549 3445 ut
1579 3400 1621 3445 ex
1655 3401 1843 3470 quocunque
1872 3383 1992 3466 loco„
2045 3401 2050 3406 ·
2092 3409 2098 3420 ’

452 3467 527 3538 Hoc
549 3471 680 3542 articulo
708 3475 901 3564 complector
920 3449 1033 3544 numos
1053 3474 1145 3566 qnae·
1179 3477 1246 3544 sive
1268 3488 1415 3561 ornatus,
1452 3480 1518 3570 sive
1544 3479 1696 3559 adlectus,
1712 3487 1817 3553 eausa*
1832 3509 1961 3576 suspen·

359 3571 484 3640 sitieris
504 3572 690 3662 elegantiae,
717 3578 831 3647 additis
858 3580 952 3648 variis
980 3601 1021 3647 ex
1039 3582 1146 3662 metal-
1179 3577 1335 3647 detentor.
1453 3573 1459 3582 ⁶

367 3673 402 3741 lo
435 3675 592 3743 nobiliore
625 3683 829 3780 ornamentis,
869 3705 963 3772 quae,
1000 3684 1073 3773 quia
1104 3684 1146 3758 ad
1263 3684 1399 3756 Exstant
1431 3673 1524 3754 etiam
1548 3671 1590 3754 in‘
1613 3691 1727 3758 museis
1762 3693 1848 3758 numi
1872 3689 1961 3757 aenei
2015 3751 2018 3760 .

217 3747 221 3757 ¹
255 3853 265 3868 μ
367 3799 531 3846 nemorum
568 3798 676 3850 causas
709 3805 775 3851 non
811 3787 984 3873 pertinent,
1028 3797 1059 3854 et
1091 3787 1144 3856 ab·
1178 3785 1310 3855 inaurati
1331 3797 1362 3856 et
1380 3788 1575 3878 ‘inargentati
1619 3793 1697 3858 Non
1719 3791 1892 3878 agimusde
1907 3791 1959 3874 iis,

368 3900 439 3949 esse
458 3891 627 3974 poterant,
641 3909 778 3972 porergu
807 3909 898 3955 voco.
942 3891 1078 3979 Eri-quo
1101 3891 1144 3957 la·
1180 3891 1235 3984 qui
1268 3891 1420 3960 moderna
1455 3905 1522 3962 arte
1561 3893 1640 3960 tales
1679 3889 1772 3973 sunt',
1815 3892 1960 3961 nimbum
2035 3969 2040 3980 ¹

368 3981 428 4048 oile
463 3983 675 4073 intelligimus,
719 3999 863 4060 monetae
901 4014 959 4060 eos
994 3993 1146 4062 rationem
1180 4014 1261 4079 quos
1282 3995 1380 4083 inepti
1408 4015 1609 4082 possessores
1630 4012 1697 4060 non
1717 4013 1790 4060 raro
1812 3979 1959 4084 exemplo

366 4101 433 4154 non
458 4085 612 4156 habuisse
820 4081 826 4090 ⁸
1179 4094 1330 4164 volebant
1361 4097 1497 4162 nobilius
1533 4087 1692 4161 metallum
1725 4097 1863 4180 mentiri,
1902 4099 1961 4166 sed
2038 4181 2045 4188 ‚

452 4189 491 4255 In
511 4189 571 4257 bae
597 4189 696 4260 classe
722 4193 823 4281 primo
850 4191 925 4259 loco
952 4196 1145 4262 memorandi
1180 4195 1220 4261 da
1240 4199 1291 4278 iis,
1314 4191 1394 4286 quos
1415 4197 1462 4263 sic
1482 4204 1570 4264 vetus
1592 4217 1642 4262 ars
1658 4199 1789 4268 ornarit.
1833 4201 1957 4280 Horum
2021 4270 2025 4278 ,

369 4298 441 4357 sunt
465 4291 549 4358 aurei
574 4293 703 4380 insignis
730 4294 916 4378 voluminis,
952 4297 1060 4383 quiin
1082 4319 1143 4362 am·
1178 4296 1231 4363 alii
1251 4287 1303 4365 vel
1324 4299 1384 4363 toti
1404 4319 1496 4382 auro,
1524 4309 1692 4390 argentove
1719 4301 1849 4388 obducti
1876 4315 1959 4388 sunt,

438 4503 559 4572 OTom.
575 4511 596 4566 1.
613 4527 641 4581 p·
658 4510 701 4570 lb.
769 4513 949 4586 dpassalld·
1018 4481 1328 4600 binominum.
1435 4557 1439 4564 ·
