4438 5462
286 612 290 620 ,
355 556 508 611 xavm
846 499 1215 610 rnonssonsua
1241 535 1536 616 causamn
1595 512 1600 518 '

386 699 497 778 minae,
519 694 661 784 pondere
686 693 814 766 multum
837 696 1001 780 deficiunt,
1029 699 1070 766 de
1103 719 1166 818 quo
1202 697 1245 766 ab
1269 698 1412 786 Augusto
1439 717 1537 786 usque
1565 697 1606 766 ad
1635 647 1825 779 Gallienum,
1856 701 1901 764 sic
1935 707 1980 766 ta·

343 820 549 866 --numorum
578 817 690 884 genere
718 797 888 886 agcmhs
879 822 912 866 ιιι
943 809 1075 880 ιιιιιιιιι
1105 801 1166 866 sin·
1200 807 1271 864 men
1300 810 1335 866 ut
1365 792 1528 896 paullatim
1562 821 1668 866 eorum
1703 798 1862 866 decrescat
1892 799 1979 868 volu
2056 829 2060 834 ·

386 899 525 996 gulari..
544 901 739 966 Postremus
760 900 949 968 Justinianus
992 900 1166 983 incredibili
1200 921 1289 982 men,
1324 901 1411 1004 quod
1438 900 1530 968 facile
1553 909 1642 990 patet
1668 901 1848 966 aeneosl.
1863 900 1980 968 lormae

277 989 286 1016 '
386 1007 516 1068 numero
524 1001 641 1087 hujus
668 1001 797 1066 rationis
827 1025 939 1076 numos
964 1001 1050 1074 feriri
1081 1025 1166 1068 cura·
1201 999 1387 1074 Gordiani
1382 1024 1451 1069 cum
1478 1001 1667 1068 Neronianis
1694 993 1876 1068 conferenti.
1920 1002 1980 1067 Ae-

386 1104 441 1172 vit.
486 1103 573 1168 Haec
595 1102 635 1169 de
657 1105 757 1170 nunris
780 1104 931 1168 maximae
960 1101 1079 1167 formae
1101 1103 1165 1169 Ro
1200 1123 1328 1168 neorum
1361 1105 1416 1168 ΠΙ
1453 1103 1573 1170 formae
1605 1124 1684 1168 nou
1702 1111 1765 1168 tarn
1796 1097 2007 1191 aequabilis*

321 1248 326 1254 -
386 1227 561 1288 manorum,
585 1213 616 1268 et
637 1203 826 1290 populorum
848 1203 958 1268 Italiae
979 1202 1108 1270 mediae.
1199 1212 1314 1268 ettam
1334 1203 1514 1290 interrupta
1525 1205 1632 1271 series.
1664 1203 1768 1288 Hujus
1791 1206 1911 1290 genesis
1925 1225 1978 1270 nu·

267 1375 271 1382 ,
312 1325 315 1334 ·
365 1341 375 1352 .
487 1307 573 1372 Inter
601 1313 724 1370 exteras
755 1303 896 1368 nationes
929 1325 1039 1372 numos
1072 1305 1164 1390 hujrrs
1197 1323 1281 1367 nuun
1301 1303 1359 1369 sub
1382 1302 1525 1388 Augusto
1555 1313 1586 1368 et
1611 1303 1742 1370 'liberio
1770 1326 1893 1388 cusum,
1926 1306 1979 1393 qui
2044 1325 2049 1330 ·

345 1444 346 1447 κ
387 1406 539 1473 classis'
530 1427 562 1470 ιιι
598 1415 718 1478 remota
752 1404 931 1490 antiquitate
961 1426 1001 1469 ne
1023 1426 1162 1521 quaeras,
1198 1412 1282 1467 esset
1303 1403 1462 1470 commatis
1489 1403 1642 1484 Romani,
1676 1425 1742 1468 nou
1774 1410 1915 1490 reperio,
1953 1405 1980 1470 si

386 1508 473 1594 qnia,
507 1515 541 1569 ut
572 1504 647 1570 alias
677 1505 764 1586 dixi,
797 1503 837 1570 ab
859 1503 910 1570 his
932 1514 996 1570 tum
1018 1509 1103 1582 numi
1124 1506 1164 1572 si·
1198 1502 1304 1578 denras
1331 1503 1452 1592 aliquot
1484 1487 1627 1570 numulos
1661 1503 1844 1574 Illvirorum
1872 1517 1978 1571 r‘noue·
2003 1503 2020 1564 “,

386 1606 475 1691 gnati
491 1625 557 1671 ιιοιι
578 1614 666 1685 sunt,
697 1605 759 1670 nisi
780 1606 865 1671 aurei
885 1615 917 1671 et
938 1609 1095 1692 argentei,
1130 1629 1167 1672 ac
1199 1602 1322 1686 talium,
1349 1616 1390 1671 ut
1415 1604 1584 1670 Betilieni
1593 1604 1700 1685 Bassi,
1737 1613 1801 1669 tum
1835 1615 1866 1672 et
1898 1605 1978 1672 alios

387 1705 534 1792 deinceps
557 1723 682 1792 quoque
704 1705 799 1772 diu”
778 1729 817 1774 ns
838 1728 980 1789 caruere,
1013 1710 1041 1774 si
1061 1709 1165 1804 demas
1199 1706 1386 1793 inscriptis
1376 1729 1409 1773 ιιι
1431 1728 1538 1775 aversa
1559 1707 1643 1774 notis
1669 1705 1882 1788 arithmeticis,
1917 1716 1977 1771 tes·
2086 1703 2092 1725 ²
2208 1685 2209 1726 l

386 1806 636 1880 Ptolemaeorum
670 1829 783 1876 numos
820 1819 916 1876 notos
954 1809 1034 1876 aeris
1077 1832 1165 1897 prae-
1200 1811 1284 1874 seras
1306 1810 1443 1906 magis,
1457 1829 1547 1894 quam
1565 1830 1696 1890 numos,
1730 1818 1795 1873 tum
1818 1817 1854 1872 et
1878 1807 1906 1874 si
1927 1807 1977 1872 his

385 1905 511 1995 grandis
543 1929 579 1972 ac
605 1897 709 1976 solidi.
753 1910 818 1976 Vix
840 1905 980 2006 credam,
1008 1920 1080 1975 aute
1101 1911 1164 1993 Au·
1199 1907 1401 1976 adnumerare
1438 1909 1527 1974 voles
1568 1910 1700 1977 creditas
1732 1909 1851 1975 'liberii
1881 1909 1977 1994 spin·
2075 1983 2078 1990 ,

258 2077 280 2102 ,ι
385 2011 468 2096 gusti
502 2017 643 2098 tempora
678 2011 808 2098 reperiri
844 2032 973 2077 aeneum
1013 2011 1164 2075 maximae
1198 2011 1281 2076 trias.
1324 2009 1444 2095 Signati
1465 2009 1612 2097 deinceps
1635 2010 1693 2077 sub
1709 2007 1852 2096 Caligula
1869 2019 1901 2100 et
1914 2007 1978 2072 Ne·

385 2109 513 2176 formae.
558 2111 623 2180 Sub
652 2112 729 2192 hoc,
769 2122 801 2180 et
830 2110 988 2198 eliquanto
1015 2110 1163 2196 deinceps
1196 2130 1292 2189 rone,
1329 2128 1394 2174 non
1415 2119 1518 2175 tamen
1539 2131 1651 2198 magno
1674 2132 1819 2191 numero,
1845 2119 1905 2175 aaut
1926 2130 1976 2174 va·

284 2234 287 2243 ¹
385 2201 956 2296 temporeeusiidgeuus'insignes,
979 2211 1166 2298 inquorum
1199 2210 1316 2274 rietata.
1359 2209 1565 2297 Frequentius
1587 2203 1740 2291 subinde,
1778 2220 1810 2276 et
1835 2211 1977 2275 varianti·

385 2329 494 2400 auersa
530 2318 577 2374 est
610 2309 719 2376 ROM.
746 2311 813 2374 ET.
834 2309 946 2393 AVG,
975 2332 1055 2398 quos
1077 2313 1165 2378 multi
1199 2309 1257 2375 bus
1294 2311 1377 2396 typis
1415 2333 1449 2377 se
1488 2320 1652 2378 ostentant
1687 2311 1758 2380 sub¹
1782 2309 1976 2397 Domitiano,

375 2429 496 2484 ‚numos
524 2409 686 2475 Romanos
714 2418 878 2500 putarere,
915 2410 972 2477 sed
1000 2434 1079 2499 quos
1112 2435 1163 2480 ue·
1198 2405 1327 2494 Nerva,
1370 2413 1530 2498 Trajano,
1574 2409 1760 2490 Hadriano,
1804 2408 1976 2476 Antonino.

384 2509 541 2576 risimilius'
564 2519 621 2576 est·
633 2509 778 2597 Lugduni
801 2511 923 2578 Galliae
946 2514 1101 2598 signatos,
1129 2517 1164 2580 ut
1196 2513 1325 2600 Longus
1347 2521 1421 2600 post
1441 2514 1501 2580 hos
1524 2513 1626 2592 hiatus
1649 2511 1747 2598 usque
1774 2509 1815 2575 nd
1837 2501 1999 2592 Decium,¹

380 2612 505 2678 'dicetur
530 2611 564 2680 in
585 2612 685 2678 numis
707 2611 847 2697 Augusti
891 2612 935 2679 At
955 2616 1089 2701 posthac
1110 2613 1164 2682 diu
1198 2635 1261 2703 quo
1296 2615 1466 2703 imperante
1507 2622 1687 2702 comparent
1724 2613 1833 2678 iterum
1871 2611 1977 2678 addita

386 2713 499 2782 adhuo‘
520 2715 615 2794 numi,
638 2715 789 2796 ιιιιιιιιιιι
821 2713 940 2780 formae
974 2739 1031 2804 per
1069 2719 1164 2784 Grae·
1198 2716 1231 2782 S.
1255 2717 1289 2783 G.
1313 2727 1403 2799 noto,
1436 2717 1605 2784 sedetiam
1633 2735 1702 2782 οιιιιι
1728 2713 1792 2779 hoc
1822 2711 1992 2782 desinunt*
2051 2733 2060 2742 “

385 2817 439 2884 o'as
461 2817 554 2884 urbes
582 2815 653 2882 rari.
702 2815 747 2881 Vt
767 2815 888 2898 Romae
909 2818 1079 2938 imperante
1098 2819 1163 2886 Ha·
1199 2817 1335 2887 Gallieni
1369 2819 1514 2888 monetae
1540 2820 1672 2886 maxima
1702 2837 1790 2916 pars.
1806 2815 1899 2902 hujus
1931 2825 1979 2882 est
2089 2877 2092 2882 ,
2208 2819 2209 2886 i

385 2919 495 2988 driano
518 2926 687 3008 coeperunt
708 2919 910 3006 invalescere,
933 2920 978 2988 sic
999 2931 1030 2989 et
1052 2919 1165 2988 eodem
1195 2919 1332 3005 formae,
1365 2931 1459 3010 atque
1484 2920 1540 2988 illa
1574 2921 1722 3007 deinceps
1749 2929 1812 2986 tam
1845 2917 1978 3035 ambigui

385 3031 525 3110 tempore
542 3023 575 3086 in
598 3023 738 3089 urbibus
750 3023 893 3105 Graecis,
924 3025 1054 3094 testibus
1076 3031 1164 3110 prae·
1199 3032 1247 3088 est
1268 3023 1453 3106 voluminis,
1475 3033 1510 3120 ιιι
1531 3043 1624 3108 saepe
1647 3022 1819 3102 dubitetur,
1848 3022 1901 3104 qui
1922 3041 1977 3084 uu·

382 3131 432 3194 ter
458 3143 524 3187 non
552 3142 688 3208 paucos
697 3121 885 3188 Hadriani'
876 3123 930 3203 ris,
965 3145 1045 3206 quos
1074 3124 1164 3187 anti·
1199 3123 1240 3184 rui
1270 3122 1440 3202 secundae,
1478 3121 1677 3205 quitertiae,
1712 3139 1806 3201 saepe
1833 3119 1976 3202 qui-ter·

357 3219 440 3294 «ιιιιί
462 3219 577 3283 honori
604 3207 872 3284 consecraverunt.
916 3221 1090 3286 Maximum
1109 3242 1163 3286 eo·
1198 3221 1275 3299 tiae,
1313 3221 1362 3288 rel
1390 3228 1516 3305 quartae
1544 3212 1611 3283 sint
1635 3215 1800 3285 tribuendi.
1850 3215 1977 3283 Indea

384 3317 453 3386 rum
480 3337 639 3382 numerum
666 3315 761 3380 Asiae
793 3317 921 3383 minoris
948 3339 984 3382 ae
1004 3318 1163 3396 Thraciae
1196 3315 1384 3384 Theodosio
1414 3317 1462 3382 M.
1492 3315 1658 3435 usquead
1685 3301 1953 3404 Palaeologos
1924 3339 1978 3386 ιιι

385 3419 479 3484 nrbes
501 3414 661 3498 fuderunt,
694 3435 766 3482 raro
792 3423 895 3483 nmen
922 3417 1079 3486 soliditate
1102 3441 1163 3486 am·
1191 3422 1258 3504 jam
1286 3420 1440 3488 habentur
1470 3419 1556 3490 numi
1585 3420 1678 3507 hujus
1710 3419 1844 3502 formae,
1877 3420 1976 3488 multo

311 3570 316 3578 .
384 3519 441 3608 plo
475 3516 626 3583 volumini
659 3515 879 3632 respondente.
942 3520 1053 3588 Paullo
1090 3531 1165 3610 post
1197 3522 1294 3608 magis
1338 3520 1530 3637 parabilibus
1577 3525 1716 3605 aureis,
1750 3544 1841 3640 quarn
1884 3523 1976 3608 hujus

378 3620 562 3698 ,Gallienum
584 3615 652 3684 cum
674 3617 818 3686 universa
832 3603 1022 3692 Graecorum
1042 3647 1078 3693 re
1098 3646 1163 3692 mo·
1199 3622 1308 3690 classis
1330 3624 1451 3692 aeneis.
1502 3623 1592 3691 Haec
1619 3623 1660 3692 de
1686 3627 1786 3693 numia
1816 3625 1975 3692 commatis

386 3723 503 3810 cetaria
524 3721 557 3788 hi
579 3741 704 3811 quoque
730 3715 915 3822 desiverant
1185 3726 1341 3794 Romani

655 3825 673 3868 *
760 3870 808 3907 *-
862 3824 881 3865 *
1136 3851 1143 3862 ·
1185 3853 1212 3884 κ·
1301 3827 1396 3896 Numi
1423 3828 1512 3896 aenei
1540 3829 1700 3916 commatis
1733 3825 1901 3913 peregrini,
1941 3845 1976 3890 ac
2029 3891 2032 3908 ,

488 3926 587 3993 Aeuei
613 3925 668 3992 111.
701 3921 869 3992 formarum
903 3901 1023 3994 Romae
1059 3928 1165 3996 induci
1197 3931 1363 4019 praecipue
1399 3909 1596 3997 Graecorum
1633 3948 1741 3994 ornnes
1784 3925 1875 3991 etiarn
1918 3925 1975 3991 has

291 4079 295 4090 .
387 4028 975 4116 coepti,exqu0postimminutum1
994 4051 1165 4111 essemus
1197 4043 1262 4098 tres
1283 4033 1400 4102 formas
1423 4013 1588 4111 offerunt,
1600 4028 1658 4094 sed
1677 4038 1853 4115 temporum¹
1872 4026 1905 4090 in
1927 4027 1975 4094 his

168 4161 175 4168 ·
257 4212 269 4230 l
386 4141 555 4220 propterea
588 4128 714 4217 pondus
747 4132 936 4197 mansuetior
967 4136 1033 4215 q‘us
1061 4131 1165 4217 coepit
1198 4133 1279 4200 ratio
1301 4143 1350 4202 est
1375 4130 1553 4218 spectanda
1605 4130 1658 4196 Ει
1688 4147 1751 4216 quo
1782 4127 1845 4193 illi.
1860 4149 1913 4196 aes
1943 4130 1976 4194 in

386 4253 456 4298 esse
479 4241 610 4297 moneta
654 4231 735 4296 Tum
756 4231 838 4296 enim
860 4251 945 4296 asses
967 4231 1166 4298 advolumen
1197 4245 1344 4338 monqtae
1376 4231 1567 4298 consortium
1602 4251 1764 4317 accepera,
1800 4231 1897 4300 tertia
1910 4229 1976 4298 sere

301 4399 306 4408 ,
387 4333 558 4415 Hermae,
581 4331 725 4416 semisses
747 4332 799 4412 ΙΙ,
821 4327 959 4418 reliquae
980 4339 1084 4418 partes
1099 4321 1165 4413 ΙΙΙ.,
1198 4315 1300 4402 Ιοιιιιι
1336 4334 1475 4400 contenti
1511 4315 1617 4414 luere,
1655 4331 1826 4398 rarioribus
1855 4331 1975 4399 formae

388 4443 441 4499 aut
461 4434 541 4500 inter
562 4433 619 4498 has
642 4433 777 4508 medium
800 4442 870 4500 sunt
892 4431 1043 4500 redactae.
1066 4433 1166 4500 Aeaei
1198 4437 1250 4518 ΙΙ,
1273 4435 1437 4503 rarissimis
1462 4431 1490 4501 Ι
1535 4434 1675 4502 Necesse
1691 4453 1762 4500 nou
1784 4441 1877 4522 puto,
1898 4433 1975 4498 haec

336 4553 340 4558 ·
388 4531 461 4600 I.et
474 4535 515 4600 ΙΙ
536 4534 661 4602 formae
677 4535 829 4606 illustrem
852 4519 1042 4626 constituunt
1056 4537 1165 4606 serien
1201 4537 1354 4630 exemplis
1376 4536 1530 4654 stabilire,
1564 4536 1651 4676 quod
1671 4535 1748 4606 haec
1768 4538 1884 4624 passim
1905 4553 1974 4600 sese
