<?xml version="1.0" encoding="UTF-8"?>
<!DOCTYPE html PUBLIC "-//W3C//DTD XHTML 1.0 Transitional//EN"
    "http://www.w3.org/TR/xhtml1/DTD/xhtml1-transitional.dtd">
<html xmlns="http://www.w3.org/1999/xhtml" xml:lang="en" lang="en">
 <head>
  <title>
</title>
<meta http-equiv="Content-Type" content="text/html;charset=utf-8" />
  <meta name='ocr-system' content='tesseract 3.04.00' />
  <meta name='ocr-capabilities' content='ocr_page ocr_carea ocr_par ocr_line ocrx_word'/>
</head>
<body>
  <div class='ocr_page' id='page_1' title='image "./doctrinanvmorvm04grangoog_0102.png"; bbox 0 0 4472 5472; ppageno 0'>
   <div class='ocr_carea' id='block_1_1' title="bbox 766 479 2054 652">
    <p class='ocr_par' dir='ltr' id='par_1_1' title="bbox 766 479 2054 652">
     <span class='ocr_line' id='line_1_1' title="bbox 766 479 2054 652; baseline -0.002 -49"><span class='ocrx_word' id='word_1_1' title='bbox 766 529 1240 631; x_wconf 66' lang='grc' dir='ltr'>’,ιιιιιιι</span> <span class='ocrx_word' id='word_1_2' title='bbox 1397 583 1424 652; x_wconf 61' lang='lat'>„·</span> <span class='ocrx_word' id='word_1_3' title='bbox 1661 479 1928 612; x_wconf 52' lang='lat' dir='ltr'>”nm*ss</span> <span class='ocrx_word' id='word_1_4' title='bbox 2052 593 2054 600; x_wconf 81' lang='grc'>,</span> 
     </span>
    </p>
   </div>
   <div class='ocr_carea' id='block_1_2' title="bbox 317 675 1984 811">
    <p class='ocr_par' dir='ltr' id='par_1_2' title="bbox 317 665 1984 811">
     <span class='ocr_line' id='line_1_2' title="bbox 317 675 1984 811; baseline -0.046 -44"><span class='ocrx_word' id='word_1_5' title='bbox 317 675 423 767; x_wconf 82' lang='lat' dir='ltr'>Vrbes</span> <span class='ocrx_word' id='word_1_6' title='bbox 444 719 483 764; x_wconf 87' lang='lat' dir='ltr'>ao</span> <span class='ocrx_word' id='word_1_7' title='bbox 502 695 656 786; x_wconf 81' lang='lat' dir='ltr'>populos,</span> <span class='ocrx_word' id='word_1_8' title='bbox 685 695 739 811; x_wconf 78' lang='lat' dir='ltr'>qui</span> <span class='ocrx_word' id='word_1_9' title='bbox 760 715 809 762; x_wconf 84' lang='lat' dir='ltr'>sur</span> <span class='ocrx_word' id='word_1_10' title='bbox 800 692 948 781; x_wconf 80' lang='lat' dir='ltr'>&#39;piem&#39;</span> <span class='ocrx_word' id='word_1_11' title='bbox 933 694 1014 778; x_wconf 89' lang='lat' dir='ltr'>Juris</span> <span class='ocrx_word' id='word_1_12' title='bbox 1048 701 1128 760; x_wconf 87' lang='lat' dir='ltr'>tates</span> <span class='ocrx_word' id='word_1_13' title='bbox 1156 692 1343 760; x_wconf 77' lang='lat' dir='ltr'>domesticas</span> <span class='ocrx_word' id='word_1_14' title='bbox 1373 693 1468 759; x_wconf 81' lang='lat' dir='ltr'>licuit.</span> <span class='ocrx_word' id='word_1_15' title='bbox 1522 693 1672 783; x_wconf 54' lang='lat' dir='ltr'>Neque·</span> <span class='ocrx_word' id='word_1_16' title='bbox 1658 717 1711 782; x_wconf 49' lang='grc' dir='ltr'>με</span> <span class='ocrx_word' id='word_1_17' title='bbox 1735 698 1830 782; x_wconf 59' lang='lat' dir='ltr'>istud</span> <span class='ocrx_word' id='word_1_18' title='bbox 1980 681 1984 690; x_wconf 86' lang='lat'><em>.</em></span> 
     </span>
    </p>
   </div>
   <div class='ocr_carea' id='block_1_3' title="bbox 161 795 1870 1704">
    <p class='ocr_par' dir='ltr' id='par_1_3' title="bbox 161 795 1870 1703">
     <span class='ocr_line' id='line_1_3' title="bbox 190 795 1830 900; baseline -0.001 -29.947"><span class='ocrx_word' id='word_1_19' title='bbox 190 803 335 894; x_wconf 86' lang='lat' dir='ltr'>luere,</span> <span class='ocrx_word' id='word_1_20' title='bbox 361 815 430 868; x_wconf 83' lang='lat' dir='ltr'>nen</span> <span class='ocrx_word' id='word_1_21' title='bbox 455 799 535 882; x_wconf 85' lang='lat' dir='ltr'>alio,</span> <span class='ocrx_word' id='word_1_22' title='bbox 562 799 623 866; x_wconf 91' lang='lat' dir='ltr'>uisi</span> <span class='ocrx_word' id='word_1_23' title='bbox 649 797 777 863; x_wconf 86' lang='lat' dir='ltr'>numine</span> <span class='ocrx_word' id='word_1_24' title='bbox 803 817 878 876; x_wconf 89' lang='lat' dir='ltr'>suo,</span> <span class='ocrx_word' id='word_1_25' title='bbox 913 796 1014 882; x_wconf 73' lang='lat' dir='ltr'>signa·</span> <span class='ocrx_word' id='word_1_26' title='bbox 1050 795 1137 900; x_wconf 81' lang='lat' dir='ltr'>quod</span> <span class='ocrx_word' id='word_1_27' title='bbox 1180 797 1378 864; x_wconf 87' lang='lat' dir='ltr'>autonomiae</span> <span class='ocrx_word' id='word_1_28' title='bbox 1421 815 1514 882; x_wconf 88' lang='lat' dir='ltr'>pars</span> <span class='ocrx_word' id='word_1_29' title='bbox 1536 796 1610 880; x_wconf 83' lang='lat' dir='ltr'>fuit,</span> <span class='ocrx_word' id='word_1_30' title='bbox 1653 799 1830 888; x_wconf 89' lang='lat' dir='ltr'>ademptum</span> 
     </span>
     <span class='ocr_line' id='line_1_4' title="bbox 231 889 1829 1006; baseline -0.001 -35"><span class='ocrx_word' id='word_1_31' title='bbox 231 904 317 971; x_wconf 80' lang='lat' dir='ltr'>uisse</span> <span class='ocrx_word' id='word_1_32' title='bbox 344 911 514 1006; x_wconf 78' lang='lat' dir='ltr'>monetam,</span> <span class='ocrx_word' id='word_1_33' title='bbox 542 907 652 988; x_wconf 90' lang='lat' dir='ltr'>suapte</span> <span class='ocrx_word' id='word_1_34' title='bbox 677 906 771 988; x_wconf 80' lang='lat' dir='ltr'>patet</span> <span class='ocrx_word' id='word_1_35' title='bbox 817 901 923 978; x_wconf 87' lang='lat' dir='ltr'>Quare</span> <span class='ocrx_word' id='word_1_36' title='bbox 944 919 1014 970; x_wconf 88' lang='lat' dir='ltr'>oum</span> <span class='ocrx_word' id='word_1_37' title='bbox 1049 889 1104 962; x_wconf 88' lang='lat' dir='ltr'>ab</span> <span class='ocrx_word' id='word_1_38' title='bbox 1122 895 1292 988; x_wconf 76' lang='lat' dir='ltr'><strong>Augustis,</strong></span> <span class='ocrx_word' id='word_1_39' title='bbox 1335 896 1393 964; x_wconf 89' lang='lat' dir='ltr'>sed</span> <span class='ocrx_word' id='word_1_40' title='bbox 1429 899 1642 967; x_wconf 82' lang='lat' dir='ltr'>continuatum</span> <span class='ocrx_word' id='word_1_41' title='bbox 1680 901 1829 991; x_wconf 77' lang='lat' dir='ltr'><strong>deinceps</strong></span> 
     </span>
     <span class='ocr_line' id='line_1_5' title="bbox 232 993 1870 1092; baseline 0.002 -23"><span class='ocrx_word' id='word_1_42' title='bbox 232 1005 266 1069; x_wconf 91' lang='lat' dir='ltr'>in</span> <span class='ocrx_word' id='word_1_43' title='bbox 292 1004 361 1070; x_wconf 91' lang='lat' dir='ltr'>hao</span> <span class='ocrx_word' id='word_1_44' title='bbox 381 993 507 1092; x_wconf 79' lang='lat' dir='ltr'>legium:</span> <span class='ocrx_word' id='word_1_45' title='bbox 543 1001 659 1070; x_wconf 83' lang='grc' dir='ltr'><em>ΑΘΕ.</em></span> <span class='ocrx_word' id='word_1_46' title='bbox 689 997 1023 1070; x_wconf 85' lang='grc' dir='ltr'><em>ΘΕΣΣΑΛΩΝ.</em></span> <span class='ocrx_word' id='word_1_47' title='bbox 1049 1019 1189 1086; x_wconf 86' lang='lat' dir='ltr'>quoque,</span> <span class='ocrx_word' id='word_1_48' title='bbox 1228 997 1372 1070; x_wconf 83' lang='lat' dir='ltr'>feriundo</span> <span class='ocrx_word' id='word_1_49' title='bbox 1406 1011 1517 1068; x_wconf 83' lang='lat' dir='ltr'><strong>numos</strong></span> <span class='ocrx_word' id='word_1_50' title='bbox 1551 1005 1618 1070; x_wconf 85' lang='lat' dir='ltr'>siv&#39;e</span> <span class='ocrx_word' id='word_1_51' title='bbox 1651 1025 1692 1070; x_wconf 85' lang='lat' dir='ltr'>ex</span> <span class='ocrx_word' id='word_1_52' title='bbox 1725 1017 1831 1088; x_wconf 81' lang='lat' dir='ltr'>uetere</span> <span class='ocrx_word' id='word_1_53' title='bbox 1865 1025 1870 1034; x_wconf 91' lang='lat'><em>·</em></span> 
     </span>
     <span class='ocr_line' id='line_1_6' title="bbox 226 1101 1829 1190; baseline -0.001 -18"><span class='ocrx_word' id='word_1_54' title='bbox 226 1108 261 1172; x_wconf 87' lang='lat' dir='ltr'><em>E</em></span> <span class='ocrx_word' id='word_1_55' title='bbox 267 1106 400 1180; x_wconf 81' lang='grc' dir='ltr'><em>ΦΕΣΙ</em></span> <span class='ocrx_word' id='word_1_56' title='bbox 402 1106 501 1183; x_wconf 84' lang='grc' dir='ltr'>ΩΝ</span> <span class='ocrx_word' id='word_1_57' title='bbox 551 1103 748 1190; x_wconf 76' lang='lat' dir='ltr'>intelligimus</span> <span class='ocrx_word' id='word_1_58' title='bbox 782 1125 856 1170; x_wconf 87' lang='lat' dir='ltr'>eos</span> <span class='ocrx_word' id='word_1_59' title='bbox 900 1123 1013 1169; x_wconf 81' lang='lat' dir='ltr'>numos</span> <span class='ocrx_word' id='word_1_60' title='bbox 1048 1101 1206 1184; x_wconf 87' lang='lat' dir='ltr'>instituto,</span> <span class='ocrx_word' id='word_1_61' title='bbox 1234 1117 1348 1190; x_wconf 88' lang='lat' dir='ltr'>nempe</span> <span class='ocrx_word' id='word_1_62' title='bbox 1369 1103 1423 1188; x_wconf 92' lang='lat' dir='ltr'>qui</span> <span class='ocrx_word' id='word_1_63' title='bbox 1444 1103 1563 1176; x_wconf 89' lang='lat' dir='ltr'>nullum</span> <span class='ocrx_word' id='word_1_64' title='bbox 1587 1127 1657 1174; x_wconf 77' lang='lat' dir='ltr'>etun</span> <span class='ocrx_word' id='word_1_65' title='bbox 1677 1105 1829 1174; x_wconf 82' lang='lat' dir='ltr'>Romanis</span> 
     </span>
     <span class='ocr_line' id='line_1_7' title="bbox 174 1202 1868 1324; baseline 0.004 -54"><span class='ocrx_word' id='word_1_66' title='bbox 174 1215 186 1232; x_wconf 56' lang='lat'><strong>⁸</strong></span> <span class='ocrx_word' id='word_1_67' title='bbox 233 1211 469 1287; x_wconf 73' lang='grc' dir='ltr'>ΑιΙιιιιιιιιῐιι,</span> <span class='ocrx_word' id='word_1_68' title='bbox 532 1209 755 1285; x_wconf 59' lang='lat' dir='ltr'>tumueram,-</span> <span class='ocrx_word' id='word_1_69' title='bbox 817 1207 1014 1321; x_wconf 67' lang='lat' dir='ltr'>Ephesiorum</span> <span class='ocrx_word' id='word_1_70' title='bbox 1047 1225 1149 1270; x_wconf 90' lang='lat' dir='ltr'>rerum</span> <span class='ocrx_word' id='word_1_71' title='bbox 1178 1202 1320 1306; x_wconf 79' lang='lat' dir='ltr'>dominis</span> <span class='ocrx_word' id='word_1_72' title='bbox 1344 1223 1458 1271; x_wconf 88' lang='lat' dir='ltr'>nexum</span> <span class='ocrx_word' id='word_1_73' title='bbox 1482 1207 1718 1324; x_wconf 81' lang='lat' dir='ltr'>profiterentur,</span> <span class='ocrx_word' id='word_1_74' title='bbox 1749 1231 1830 1304; x_wconf 82' lang='lat' dir='ltr'>quos</span> <span class='ocrx_word' id='word_1_75' title='bbox 1864 1230 1868 1236; x_wconf 87' lang='grc'><strong>’</strong></span> 
     </span>
     <span class='ocr_line' id='line_1_8' title="bbox 212 1288 1843 1400; baseline 0.001 -22"><span class='ocrx_word' id='word_1_76' title='bbox 212 1310 420 1378; x_wconf 76' lang='lat' dir='ltr'>,auctoritate</span> <span class='ocrx_word' id='word_1_77' title='bbox 446 1308 541 1376; x_wconf 85' lang='lat' dir='ltr'>fuisso</span> <span class='ocrx_word' id='word_1_78' title='bbox 568 1329 671 1374; x_wconf 79' lang='lat' dir='ltr'>cusos.</span> <span class='ocrx_word' id='word_1_79' title='bbox 711 1307 771 1376; x_wconf 85' lang='lat' dir='ltr'>Sio</span> <span class='ocrx_word' id='word_1_80' title='bbox 797 1303 830 1374; x_wconf 81' lang='grc' dir='ltr'>ιι</span> <span class='ocrx_word' id='word_1_81' title='bbox 855 1309 889 1372; x_wconf 88' lang='lat' dir='ltr'>in</span> <span class='ocrx_word' id='word_1_82' title='bbox 910 1307 1013 1374; x_wconf 78' lang='lat' dir='ltr'>nonnis</span> <span class='ocrx_word' id='word_1_83' title='bbox 1047 1295 1219 1372; x_wconf 71' lang='lat' dir='ltr'>autumnos</span> <span class='ocrx_word' id='word_1_84' title='bbox 1253 1288 1419 1387; x_wconf 81' lang='lat' dir='ltr'>uoo&#39;amus,</span> <span class='ocrx_word' id='word_1_85' title='bbox 1464 1309 1529 1376; x_wconf 83' lang='lat' dir='ltr'>sive</span> <span class='ocrx_word' id='word_1_86' title='bbox 1567 1301 1687 1376; x_wconf 79' lang='lat' dir='ltr'>inserto</span> <span class='ocrx_word' id='word_1_87' title='bbox 1730 1315 1843 1400; x_wconf 87' lang='lat' dir='ltr'>eapite·</span> 
     </span>
     <span class='ocr_line' id='line_1_9' title="bbox 233 1406 1830 1503; baseline 0.004 -27"><span class='ocrx_word' id='word_1_88' title='bbox 233 1410 358 1484; x_wconf 83' lang='lat' dir='ltr'>Romae</span> <span class='ocrx_word' id='word_1_89' title='bbox 380 1411 511 1495; x_wconf 83' lang='lat' dir='ltr'>liberae,</span> <span class='ocrx_word' id='word_1_90' title='bbox 547 1412 599 1500; x_wconf 90' lang='lat' dir='ltr'>qui</span> <span class='ocrx_word' id='word_1_91' title='bbox 627 1410 806 1503; x_wconf 76' lang='lat' dir='ltr'>vetustioris</span> <span class='ocrx_word' id='word_1_92' title='bbox 834 1407 1012 1489; x_wconf 75' lang='lat' dir='ltr'>mutasti,</span> <span class='ocrx_word' id='word_1_93' title='bbox 1048 1406 1233 1493; x_wconf 82' lang='lat' dir='ltr'>imperantis</span> <span class='ocrx_word' id='word_1_94' title='bbox 1260 1413 1325 1472; x_wconf 86' lang='lat' dir='ltr'>turn</span> <span class='ocrx_word' id='word_1_95' title='bbox 1359 1407 1505 1494; x_wconf 79' lang='lat' dir='ltr'>Augusti,</span> <span class='ocrx_word' id='word_1_96' title='bbox 1546 1421 1601 1482; x_wconf 88' lang='lat' dir='ltr'>aut</span> <span class='ocrx_word' id='word_1_97' title='bbox 1626 1412 1756 1498; x_wconf 76' lang='lat' dir='ltr'>alicujus</span> <span class='ocrx_word' id='word_1_98' title='bbox 1789 1435 1830 1482; x_wconf 85' lang='lat' dir='ltr'>ex</span> 
     </span>
     <span class='ocr_line' id='line_1_10' title="bbox 161 1488 1831 1616; baseline 0.001 -35"><span class='ocrx_word' id='word_1_99' title='bbox 161 1516 165 1525; x_wconf 88' lang='lat'>&#39;</span> <span class='ocrx_word' id='word_1_100' title='bbox 232 1513 335 1582; x_wconf 89' lang='lat' dir='ltr'>solum</span> <span class='ocrx_word' id='word_1_101' title='bbox 354 1514 534 1616; x_wconf 78' lang='lat' dir='ltr'>inscriptum</span> <span class='ocrx_word' id='word_1_102' title='bbox 551 1512 683 1580; x_wconf 83' lang='lat' dir='ltr'>ROMA</span> <span class='ocrx_word' id='word_1_103' title='bbox 703 1488 819 1598; x_wconf 87' lang='lat' dir='ltr'>legere</span> <span class='ocrx_word' id='word_1_104' title='bbox 829 1522 886 1579; x_wconf 89' lang='lat' dir='ltr'>est.</span> <span class='ocrx_word' id='word_1_105' title='bbox 908 1510 1013 1577; x_wconf 84' lang='lat' dir='ltr'>Vrbes</span> <span class='ocrx_word' id='word_1_106' title='bbox 1048 1511 1115 1593; x_wconf 86' lang='lat' dir='ltr'>ejus</span> <span class='ocrx_word' id='word_1_107' title='bbox 1158 1507 1295 1604; x_wconf 82' lang='lat' dir='ltr'>familis,</span> <span class='ocrx_word' id='word_1_108' title='bbox 1348 1530 1428 1595; x_wconf 87' lang='lat' dir='ltr'>quos</span> <span class='ocrx_word' id='word_1_109' title='bbox 1470 1503 1661 1599; x_wconf 81' lang='lat' dir='ltr'>propterea</span> <span class='ocrx_word' id='word_1_110' title='bbox 1684 1517 1831 1602; x_wconf 72' lang='lat' dir='ltr'>officiosos</span> 
     </span>
     <span class='ocr_line' id='line_1_11' title="bbox 207 1609 1826 1704; baseline 0.001 -22"><span class='ocrx_word' id='word_1_111' title='bbox 207 1611 365 1704; x_wconf 73' lang='lat' dir='ltr'>¹regibus</span> <span class='ocrx_word' id='word_1_112' title='bbox 382 1615 541 1702; x_wconf 76' lang='lat' dir='ltr'>subjectae</span> <span class='ocrx_word' id='word_1_113' title='bbox 562 1616 685 1682; x_wconf 86' lang='lat' dir='ltr'>veniam</span> <span class='ocrx_word' id='word_1_114' title='bbox 710 1613 937 1702; x_wconf 83' lang='lat' dir='ltr'>oomruuquani</span> <span class='ocrx_word' id='word_1_115' title='bbox 958 1614 1014 1679; x_wconf 70' lang='grc' dir='ltr'>ιιι.</span> <span class='ocrx_word' id='word_1_116' title='bbox 1048 1609 1191 1698; x_wconf 86' lang='lat' dir='ltr'>appello,</span> <span class='ocrx_word' id='word_1_117' title='bbox 1237 1609 1276 1677; x_wconf 91' lang='lat' dir='ltr'>de</span> <span class='ocrx_word' id='word_1_118' title='bbox 1306 1613 1431 1698; x_wconf 83' lang='lat' dir='ltr'>quibus</span> <span class='ocrx_word' id='word_1_119' title='bbox 1469 1614 1593 1699; x_wconf 81' lang='lat' dir='ltr'>egimus</span> <span class='ocrx_word' id='word_1_120' title='bbox 1638 1617 1739 1703; x_wconf 79' lang='lat' dir='ltr'>eapite</span> <span class='ocrx_word' id='word_1_121' title='bbox 1769 1617 1826 1684; x_wconf 90' lang='lat' dir='ltr'>IV.</span> 
     </span>
    </p>
   </div>
   <div class='ocr_carea' id='block_1_4' title="bbox 127 1711 1926 1810">
    <p class='ocr_par' dir='ltr' id='par_1_4' title="bbox 127 1711 1926 1810">
     <span class='ocr_line' id='line_1_12' title="bbox 127 1711 1926 1810; baseline 0.003 -27"><span class='ocrx_word' id='word_1_122' title='bbox 127 1794 135 1808; x_wconf 47' lang='grc'><strong><em>,</em></strong></span> <span class='ocrx_word' id='word_1_123' title='bbox 232 1727 408 1805; x_wconf 83' lang='lat' dir='ltr'>patravere,</span> <span class='ocrx_word' id='word_1_124' title='bbox 436 1727 595 1784; x_wconf 85' lang='lat' dir='ltr'>monetam</span> <span class='ocrx_word' id='word_1_125' title='bbox 617 1716 702 1803; x_wconf 86' lang='lat' dir='ltr'>apud</span> <span class='ocrx_word' id='word_1_126' title='bbox 724 1739 760 1782; x_wconf 88' lang='lat' dir='ltr'>se</span> <span class='ocrx_word' id='word_1_127' title='bbox 780 1716 929 1800; x_wconf 85' lang='lat' dir='ltr'>feriundi,</span> <span class='ocrx_word' id='word_1_128' title='bbox 957 1712 1015 1782; x_wconf 91' lang='lat' dir='ltr'>sed</span> <span class='ocrx_word' id='word_1_129' title='bbox 1048 1713 1160 1792; x_wconf 83' lang='lat' dir='ltr'>Paucis</span> <span class='ocrx_word' id='word_1_130' title='bbox 1193 1721 1310 1794; x_wconf 87' lang='lat' dir='ltr'>tamen,</span> <span class='ocrx_word' id='word_1_131' title='bbox 1356 1735 1393 1780; x_wconf 86' lang='lat' dir='ltr'>ao</span> <span class='ocrx_word' id='word_1_132' title='bbox 1424 1716 1561 1810; x_wconf 83' lang='lat' dir='ltr'>nonnisi</span> <span class='ocrx_word' id='word_1_133' title='bbox 1587 1711 1864 1804; x_wconf 73' lang='lat' dir='ltr'>pruni-orditus·</span> <span class='ocrx_word' id='word_1_134' title='bbox 1915 1737 1926 1754; x_wconf 89' lang='grc'>··</span> 
     </span>
    </p>
   </div>
   <div class='ocr_carea' id='block_1_5' title="bbox 213 1793 1894 2122">
    <p class='ocr_par' dir='ltr' id='par_1_5' title="bbox 213 1793 1894 2122">
     <span class='ocr_line' id='line_1_13' title="bbox 231 1793 1894 1904; baseline 0.001 -18"><span class='ocrx_word' id='word_1_135' title='bbox 231 1840 297 1888; x_wconf 93' lang='lat' dir='ltr'>non</span> <span class='ocrx_word' id='word_1_136' title='bbox 322 1839 396 1885; x_wconf 92' lang='lat' dir='ltr'>raro</span> <span class='ocrx_word' id='word_1_137' title='bbox 423 1839 461 1884; x_wconf 88' lang='lat' dir='ltr'>ea</span> <span class='ocrx_word' id='word_1_138' title='bbox 488 1827 609 1886; x_wconf 85' lang='lat' dir='ltr'>tantum</span> <span class='ocrx_word' id='word_1_139' title='bbox 626 1818 715 1903; x_wconf 85' lang='lat' dir='ltr'>lege,</span> <span class='ocrx_word' id='word_1_140' title='bbox 743 1827 777 1883; x_wconf 88' lang='lat' dir='ltr'>ut</span> <span class='ocrx_word' id='word_1_141' title='bbox 798 1839 921 1904; x_wconf 85' lang='lat' dir='ltr'>regum,</span> <span class='ocrx_word' id='word_1_142' title='bbox 949 1817 1014 1903; x_wconf 91' lang='lat' dir='ltr'>qui·</span> <span class='ocrx_word' id='word_1_143' title='bbox 1048 1813 1178 1902; x_wconf 82' lang='lat' dir='ltr'>urbibus</span> <span class='ocrx_word' id='word_1_144' title='bbox 1205 1835 1388 1882; x_wconf 77' lang='lat' dir='ltr'>conoessum</span> <span class='ocrx_word' id='word_1_145' title='bbox 1415 1793 1592 1904; x_wconf 74' lang='lat' dir='ltr'>argenteam</span> <span class='ocrx_word' id='word_1_146' title='bbox 1625 1819 1710 1887; x_wconf 90' lang='lat' dir='ltr'>domi</span> <span class='ocrx_word' id='word_1_147' title='bbox 1740 1821 1832 1890; x_wconf 74' lang='lat' dir='ltr'>ierim</span> <span class='ocrx_word' id='word_1_148' title='bbox 1856 1847 1860 1856; x_wconf 68' lang='lat'><strong><em>¹</em></strong></span> <span class='ocrx_word' id='word_1_149' title='bbox 1888 1847 1894 1868; x_wconf 66' lang='grc' dir='ltr'>ι</span> 
     </span>
     <span class='ocr_line' id='line_1_14' title="bbox 213 1915 1852 2034; baseline -0.001 -45"><span class='ocrx_word' id='word_1_150' title='bbox 213 1921 293 2004; x_wconf 75' lang='grc' dir='ltr'>Ιιιιιι</span> <span class='ocrx_word' id='word_1_151' title='bbox 331 1919 466 2001; x_wconf 82' lang='lat' dir='ltr'>obnoxii</span> <span class='ocrx_word' id='word_1_152' title='bbox 501 1919 606 2000; x_wconf 77' lang='lat' dir='ltr'>fuere,</span> <span class='ocrx_word' id='word_1_153' title='bbox 643 1917 775 2034; x_wconf 83' lang='lat' dir='ltr'>effigiem</span> <span class='ocrx_word' id='word_1_154' title='bbox 813 1930 866 1986; x_wconf 87' lang='lat' dir='ltr'>aut</span> <span class='ocrx_word' id='word_1_155' title='bbox 901 1939 1016 1989; x_wconf 90' lang='lat' dir='ltr'>nomeu</span> <span class='ocrx_word' id='word_1_156' title='bbox 1050 1917 1227 2003; x_wconf 86' lang='lat' dir='ltr'>pecuniam,</span> <span class='ocrx_word' id='word_1_157' title='bbox 1259 1919 1366 2005; x_wconf 90' lang='lat' dir='ltr'>quales</span> <span class='ocrx_word' id='word_1_158' title='bbox 1391 1918 1478 1986; x_wconf 78' lang='lat' dir='ltr'>fuero</span> <span class='ocrx_word' id='word_1_159' title='bbox 1506 1921 1699 1988; x_wconf 82' lang='lat' dir='ltr'>Alexandria</span> <span class='ocrx_word' id='word_1_160' title='bbox 1726 1915 1852 2009; x_wconf 62' lang='lat' dir='ltr'>Aegy?</span> 
     </span>
     <span class='ocr_line' id='line_1_15' title="bbox 233 2003 1829 2122; baseline 0.005 -38"><span class='ocrx_word' id='word_1_161' title='bbox 233 2019 285 2086; x_wconf 88' lang='lat' dir='ltr'>illi</span> <span class='ocrx_word' id='word_1_162' title='bbox 305 2021 492 2102; x_wconf 86' lang='lat' dir='ltr'>insererent,</span> <span class='ocrx_word' id='word_1_163' title='bbox 519 2024 606 2106; x_wconf 85' lang='lat' dir='ltr'>eujus</span> <span class='ocrx_word' id='word_1_164' title='bbox 620 2003 760 2108; x_wconf 86' lang='lat' dir='ltr'>eopiosa</span> <span class='ocrx_word' id='word_1_165' title='bbox 779 2021 925 2110; x_wconf 82' lang='lat' dir='ltr'>exempla</span> <span class='ocrx_word' id='word_1_166' title='bbox 945 2041 1016 2108; x_wconf 88' lang='lat' dir='ltr'>sup·</span> <span class='ocrx_word' id='word_1_167' title='bbox 1049 2019 1111 2107; x_wconf 90' lang='lat' dir='ltr'>pti,</span> <span class='ocrx_word' id='word_1_168' title='bbox 1152 2019 1322 2088; x_wconf 81' lang='lat' dir='ltr'>Antiochia</span> <span class='ocrx_word' id='word_1_169' title='bbox 1356 2021 1505 2104; x_wconf 85' lang='lat' dir='ltr'>Syriae,</span> <span class='ocrx_word' id='word_1_170' title='bbox 1522 2024 1674 2091; x_wconf 85' lang='lat' dir='ltr'>Caesarea</span> <span class='ocrx_word' id='word_1_171' title='bbox 1710 2027 1829 2122; x_wconf 83' lang='lat' dir='ltr'>Cappa·</span> 
     </span>
    </p>
   </div>
   <div class='ocr_carea' id='block_1_6' title="bbox 158 2111 1949 2419">
    <p class='ocr_par' dir='ltr' id='par_1_6' title="bbox 158 2111 1988 2419">
     <span class='ocr_line' id='line_1_16' title="bbox 173 2111 1908 2212; baseline 0.003 -23"><span class='ocrx_word' id='word_1_172' title='bbox 173 2115 178 2121; x_wconf 66' lang='grc'>’</span> <span class='ocrx_word' id='word_1_173' title='bbox 234 2121 378 2212; x_wconf 77' lang='lat' dir='ltr'>peditent</span> <span class='ocrx_word' id='word_1_174' title='bbox 404 2122 547 2196; x_wconf 87' lang='lat' dir='ltr'>urbes</span> <span class='ocrx_word' id='word_1_175' title='bbox 537 2145 570 2190; x_wconf 89' lang='lat' dir='ltr'>m</span> <span class='ocrx_word' id='word_1_176' title='bbox 600 2111 780 2190; x_wconf 79' lang='lat' dir='ltr'>Phoenicia</span> <span class='ocrx_word' id='word_1_177' title='bbox 804 2133 857 2190; x_wconf 81' lang='grc' dir='ltr'>ιιιι</span> <span class='ocrx_word' id='word_1_178' title='bbox 890 2121 1016 2190; x_wconf 87' lang='lat' dir='ltr'>Parthia</span> <span class='ocrx_word' id='word_1_179' title='bbox 1050 2122 1175 2205; x_wconf 85' lang='lat' dir='ltr'>dociae,</span> <span class='ocrx_word' id='word_1_180' title='bbox 1209 2125 1343 2206; x_wconf 81' lang='lat' dir='ltr'>Tarstts,</span> <span class='ocrx_word' id='word_1_181' title='bbox 1372 2119 1526 2212; x_wconf 84' lang='lat' dir='ltr'>aliaeque.</span> <span class='ocrx_word' id='word_1_182' title='bbox 1586 2125 1732 2200; x_wconf 80' lang='lat' dir='ltr'>Golouiis</span> <span class='ocrx_word' id='word_1_183' title='bbox 1764 2130 1829 2194; x_wconf 89' lang='lat' dir='ltr'>Ro·</span> <span class='ocrx_word' id='word_1_184' title='bbox 1899 2125 1908 2170; x_wconf 82' lang='grc'>’·</span> 
     </span>
     <span class='ocr_line' id='line_1_17' title="bbox 158 2213 1949 2320; baseline 0.001 -27"><span class='ocrx_word' id='word_1_185' title='bbox 158 2235 162 2242; x_wconf 84' lang='grc'>’</span> <span class='ocrx_word' id='word_1_186' title='bbox 234 2227 329 2311; x_wconf 89' lang='lat' dir='ltr'>sitae,</span> <span class='ocrx_word' id='word_1_187' title='bbox 374 2245 501 2314; x_wconf 88' lang='lat' dir='ltr'>quarum</span> <span class='ocrx_word' id='word_1_188' title='bbox 541 2224 625 2292; x_wconf 85' lang='grc' dir='ltr'>ιιιιι</span> <span class='ocrx_word' id='word_1_189' title='bbox 658 2247 770 2320; x_wconf 83' lang='lat' dir='ltr'>numos</span> <span class='ocrx_word' id='word_1_190' title='bbox 807 2247 877 2295; x_wconf 88' lang='lat' dir='ltr'>eum</span> <span class='ocrx_word' id='word_1_191' title='bbox 914 2226 1017 2311; x_wconf 87' lang='lat' dir='ltr'>eapite</span> <span class='ocrx_word' id='word_1_192' title='bbox 1048 2225 1148 2293; x_wconf 87' lang='lat' dir='ltr'>mauis</span> <span class='ocrx_word' id='word_1_193' title='bbox 1189 2224 1230 2292; x_wconf 85' lang='lat' dir='ltr'>ad</span> <span class='ocrx_word' id='word_1_194' title='bbox 1271 2225 1433 2294; x_wconf 81' lang='lat' dir='ltr'>feriundos</span> <span class='ocrx_word' id='word_1_195' title='bbox 1464 2245 1580 2294; x_wconf 84' lang='lat' dir='ltr'>numos</span> <span class='ocrx_word' id='word_1_196' title='bbox 1616 2250 1697 2318; x_wconf 87' lang='lat' dir='ltr'>opus</span> <span class='ocrx_word' id='word_1_197' title='bbox 1733 2213 1831 2296; x_wconf 86' lang='lat' dir='ltr'>iuisse</span> <span class='ocrx_word' id='word_1_198' title='bbox 1908 2257 1910 2264; x_wconf 53' lang='lat'><strong>⁴</strong></span> <span class='ocrx_word' id='word_1_199' title='bbox 1941 2239 1949 2256; x_wconf 82' lang='lat'><em>&#39;</em></span> 
     </span>
     <span class='ocr_line' id='line_1_18' title="bbox 232 2311 1934 2419; baseline 0.004 -26"><span class='ocrx_word' id='word_1_200' title='bbox 232 2349 338 2417; x_wconf 75' lang='lat' dir='ltr'>regunt</span> <span class='ocrx_word' id='word_1_201' title='bbox 375 2327 543 2410; x_wconf 84' lang='lat' dir='ltr'>Syrorum,</span> <span class='ocrx_word' id='word_1_202' title='bbox 580 2328 648 2408; x_wconf 81' lang='lat' dir='ltr'>hae</span> <span class='ocrx_word' id='word_1_203' title='bbox 677 2311 873 2403; x_wconf 83' lang='lat' dir='ltr'>Parthorum</span> <span class='ocrx_word' id='word_1_204' title='bbox 900 2349 1014 2414; x_wconf 87' lang='lat' dir='ltr'>magno</span> <span class='ocrx_word' id='word_1_205' title='bbox 1049 2328 1201 2416; x_wconf 88' lang='lat' dir='ltr'>permissu</span> <span class='ocrx_word' id='word_1_206' title='bbox 1232 2329 1380 2414; x_wconf 83' lang='lat' dir='ltr'>Augusti,</span> <span class='ocrx_word' id='word_1_207' title='bbox 1419 2330 1533 2396; x_wconf 91' lang='lat' dir='ltr'>deinde</span> <span class='ocrx_word' id='word_1_208' title='bbox 1568 2331 1658 2397; x_wconf 86' lang='lat' dir='ltr'>etiarn</span> <span class='ocrx_word' id='word_1_209' title='bbox 1695 2351 1830 2419; x_wconf 89' lang='lat' dir='ltr'>prooon·</span> <span class='ocrx_word' id='word_1_210' title='bbox 1913 2332 1934 2364; x_wconf 87' lang='grc'>’·</span> 
     </span>
    </p>
   </div>
   <div class='ocr_carea' id='block_1_7' title="bbox 191 2423 1924 4466">
    <p class='ocr_par' dir='ltr' id='par_1_7' title="bbox 191 2423 1924 4466">
     <span class='ocr_line' id='line_1_19' title="bbox 233 2423 1897 2522; baseline 0 -22"><span class='ocrx_word' id='word_1_211' title='bbox 233 2439 362 2500; x_wconf 88' lang='lat' dir='ltr'>aum&#39;ero</span> <span class='ocrx_word' id='word_1_212' title='bbox 398 2439 635 2522; x_wconf 83' lang='lat' dir='ltr'>percusserunt,</span> <span class='ocrx_word' id='word_1_213' title='bbox 679 2440 714 2498; x_wconf 94' lang='lat' dir='ltr'>ut</span> <span class='ocrx_word' id='word_1_214' title='bbox 756 2434 789 2498; x_wconf 92' lang='lat' dir='ltr'>in</span> <span class='ocrx_word' id='word_1_215' title='bbox 825 2431 1016 2518; x_wconf 79' lang='lat' dir='ltr'>singularum</span> <span class='ocrx_word' id='word_1_216' title='bbox 1049 2430 1168 2512; x_wconf 87' lang='lat' dir='ltr'>sulum,</span> <span class='ocrx_word' id='word_1_217' title='bbox 1205 2430 1399 2520; x_wconf 83' lang='lat' dir='ltr'>inscriptum</span> <span class='ocrx_word' id='word_1_218' title='bbox 1425 2434 1483 2501; x_wconf 84' lang='lat' dir='ltr'>PE</span> <span class='ocrx_word' id='word_1_219' title='bbox 1493 2429 1576 2501; x_wconf 74' lang='lat' dir='ltr'>AM.</span> <span class='ocrx_word' id='word_1_220' title='bbox 1613 2435 1742 2516; x_wconf 74' lang='lat' dir='ltr'>Ave,</span> <span class='ocrx_word' id='word_1_221' title='bbox 1778 2433 1833 2501; x_wconf 85' lang='lat' dir='ltr'>vel</span> <span class='ocrx_word' id='word_1_222' title='bbox 1871 2423 1897 2443; x_wconf 77' lang='grc'><strong>”</strong></span> 
     </span>
     <span class='ocr_line' id='line_1_20' title="bbox 233 2529 1831 2624; baseline 0 -22"><span class='ocrx_word' id='word_1_223' title='bbox 233 2544 359 2603; x_wconf 88' lang='lat' dir='ltr'>moneta</span> <span class='ocrx_word' id='word_1_224' title='bbox 392 2529 581 2602; x_wconf 75' lang='lat' dir='ltr'>docebimus.</span> <span class='ocrx_word' id='word_1_225' title='bbox 632 2531 740 2602; x_wconf 82' lang='lat' dir='ltr'>Voluit</span> <span class='ocrx_word' id='word_1_226' title='bbox 770 2535 882 2617; x_wconf 90' lang='lat' dir='ltr'>istud,-</span> <span class='ocrx_word' id='word_1_227' title='bbox 910 2555 1014 2621; x_wconf 90' lang='lat' dir='ltr'>quam·</span> <span class='ocrx_word' id='word_1_228' title='bbox 1049 2533 1258 2604; x_wconf 74' lang='lat' dir='ltr'>Paucos.</span> <span class='ocrx_word' id='word_1_229' title='bbox 1295 2533 1457 2602; x_wconf 81' lang='lat' dir='ltr'>manifeste</span> <span class='ocrx_word' id='word_1_230' title='bbox 1500 2537 1635 2618; x_wconf 86' lang='lat' dir='ltr'>indicat,</span> <span class='ocrx_word' id='word_1_231' title='bbox 1682 2537 1722 2610; x_wconf 85' lang='lat' dir='ltr'>de</span> <span class='ocrx_word' id='word_1_232' title='bbox 1767 2557 1831 2624; x_wconf 89' lang='lat' dir='ltr'>quo</span> 
     </span>
     <span class='ocr_line' id='line_1_21' title="bbox 234 2633 1924 2726; baseline 0.001 -22"><span class='ocrx_word' id='word_1_233' title='bbox 234 2636 289 2704; x_wconf 90' lang='lat' dir='ltr'>diu</span> <span class='ocrx_word' id='word_1_234' title='bbox 310 2635 431 2703; x_wconf 78' lang='lat' dir='ltr'>duravit</span> <span class='ocrx_word' id='word_1_235' title='bbox 452 2635 620 2703; x_wconf 89' lang='lat' dir='ltr'>servitium.</span> <span class='ocrx_word' id='word_1_236' title='bbox 665 2635 709 2702; x_wconf 92' lang='lat' dir='ltr'>At</span> <span class='ocrx_word' id='word_1_237' title='bbox 729 2649 935 2726; x_wconf 84' lang='lat' dir='ltr'>posteaquam</span> <span class='ocrx_word' id='word_1_238' title='bbox 956 2635 1016 2703; x_wconf 89' lang='lat' dir='ltr'>hae</span> <span class='ocrx_word' id='word_1_239' title='bbox 1049 2633 1122 2703; x_wconf 86' lang='lat' dir='ltr'>uide</span> <span class='ocrx_word' id='word_1_240' title='bbox 1148 2645 1309 2702; x_wconf 85' lang='lat' dir='ltr'>tractatum</span> <span class='ocrx_word' id='word_1_241' title='bbox 1337 2636 1380 2703; x_wconf 92' lang='lat' dir='ltr'>de</span> <span class='ocrx_word' id='word_1_242' title='bbox 1404 2635 1505 2703; x_wconf 88' lang='lat' dir='ltr'>nurnis</span> <span class='ocrx_word' id='word_1_243' title='bbox 1532 2638 1736 2704; x_wconf 84' lang='lat' dir='ltr'>coloniarum.</span> <span class='ocrx_word' id='word_1_244' title='bbox 1780 2639 1829 2705; x_wconf 93' lang='lat' dir='ltr'>In·</span> <span class='ocrx_word' id='word_1_245' title='bbox 1921 2687 1924 2694; x_wconf 69' lang='lat'>,</span> 
     </span>
     <span class='ocr_line' id='line_1_22' title="bbox 234 2727 1887 2826; baseline 0 -20"><span class='ocrx_word' id='word_1_246' title='bbox 234 2737 444 2808; x_wconf 86' lang='lat' dir='ltr'>autonomiam</span> <span class='ocrx_word' id='word_1_247' title='bbox 476 2747 529 2804; x_wconf 87' lang='lat' dir='ltr'>aut</span> <span class='ocrx_word' id='word_1_248' title='bbox 563 2739 655 2804; x_wconf 87' lang='lat' dir='ltr'>oertis</span> <span class='ocrx_word' id='word_1_249' title='bbox 688 2737 810 2824; x_wconf 87' lang='lat' dir='ltr'>legibus</span> <span class='ocrx_word' id='word_1_250' title='bbox 841 2750 915 2808; x_wconf 88' lang='lat' dir='ltr'>sunt</span> <span class='ocrx_word' id='word_1_251' title='bbox 941 2760 1014 2806; x_wconf 90' lang='lat' dir='ltr'>eon·</span> <span class='ocrx_word' id='word_1_252' title='bbox 1050 2737 1090 2804; x_wconf 91' lang='lat' dir='ltr'>de</span> <span class='ocrx_word' id='word_1_253' title='bbox 1111 2760 1130 2803; x_wconf 84' lang='lat' dir='ltr'>a</span> <span class='ocrx_word' id='word_1_254' title='bbox 1153 2739 1296 2804; x_wconf 84' lang='lat' dir='ltr'>Gallieno</span> <span class='ocrx_word' id='word_1_255' title='bbox 1315 2740 1377 2824; x_wconf 58' lang='lat' dir='ltr'>xvix</span> <span class='ocrx_word' id='word_1_256' title='bbox 1398 2740 1465 2824; x_wconf 85' lang='lat' dir='ltr'>jam</span> <span class='ocrx_word' id='word_1_257' title='bbox 1491 2740 1625 2825; x_wconf 89' lang='lat' dir='ltr'>amplius</span> <span class='ocrx_word' id='word_1_258' title='bbox 1651 2727 1831 2826; x_wconf 75' lang='lat' dir='ltr'>provinciae</span> <span class='ocrx_word' id='word_1_259' title='bbox 1883 2810 1887 2822; x_wconf 64' lang='lat'>,</span> 
     </span>
     <span class='ocr_line' id='line_1_23' title="bbox 236 2829 1853 2928; baseline -0.001 -21"><span class='ocrx_word' id='word_1_260' title='bbox 236 2850 379 2919; x_wconf 86' lang='lat' dir='ltr'>secutae,</span> <span class='ocrx_word' id='word_1_261' title='bbox 407 2829 540 2904; x_wconf 85' lang='lat' dir='ltr'>autsibi</span> <span class='ocrx_word' id='word_1_262' title='bbox 562 2839 703 2926; x_wconf 82' lang='lat' dir='ltr'>pervim</span> <span class='ocrx_word' id='word_1_263' title='bbox 725 2851 902 2925; x_wconf 80' lang='lat' dir='ltr'>extorsere,</span> <span class='ocrx_word' id='word_1_264' title='bbox 931 2842 1016 2910; x_wconf 88' lang='lat' dir='ltr'>istud</span> <span class='ocrx_word' id='word_1_265' title='bbox 1048 2840 1207 2928; x_wconf 89' lang='lat' dir='ltr'>propriam</span> <span class='ocrx_word' id='word_1_266' title='bbox 1254 2861 1340 2906; x_wconf 85' lang='lat' dir='ltr'>suam</span> <span class='ocrx_word' id='word_1_267' title='bbox 1353 2881 1375 2919; x_wconf 36' lang='lat' dir='ltr'>,v</span> <span class='ocrx_word' id='word_1_268' title='bbox 1412 2839 1626 2927; x_wconf 87' lang='lat' dir='ltr'>privatamque</span> <span class='ocrx_word' id='word_1_269' title='bbox 1673 2829 1853 2906; x_wconf 83' lang='lat' dir='ltr'>monetam</span> 
     </span>
     <span class='ocr_line' id='line_1_24' title="bbox 236 2938 1900 3058; baseline -0.001 -49"><span class='ocrx_word' id='word_1_270' title='bbox 236 2938 501 3058; x_wconf 78' lang='lat' dir='ltr'>etiam‘obsequii</span> <span class='ocrx_word' id='word_1_271' title='bbox 529 2960 626 3026; x_wconf 86' lang='lat' dir='ltr'>genus</span> <span class='ocrx_word' id='word_1_272' title='bbox 660 2942 811 3009; x_wconf 88' lang='lat' dir='ltr'>contiuuo</span> <span class='ocrx_word' id='word_1_273' title='bbox 837 2945 1015 3024; x_wconf 79' lang='lat' dir='ltr'>omiserunt</span> <span class='ocrx_word' id='word_1_274' title='bbox 1024 2964 1033 2976; x_wconf 76' lang='grc'><em>’</em></span> <span class='ocrx_word' id='word_1_275' title='bbox 1048 2943 1200 3022; x_wconf 85' lang='lat' dir='ltr'>habuere,</span> <span class='ocrx_word' id='word_1_276' title='bbox 1230 2949 1263 3006; x_wconf 90' lang='lat' dir='ltr'>ut</span> <span class='ocrx_word' id='word_1_277' title='bbox 1289 2941 1405 3014; x_wconf 83' lang='lat' dir='ltr'>dietum</span> <span class='ocrx_word' id='word_1_278' title='bbox 1433 2960 1528 3026; x_wconf 84' lang='lat' dir='ltr'>supra</span> <span class='ocrx_word' id='word_1_279' title='bbox 1549 2942 1652 3028; x_wconf 83' lang='lat' dir='ltr'>eapite</span> <span class='ocrx_word' id='word_1_280' title='bbox 1673 2943 1729 3008; x_wconf 89' lang='lat' dir='ltr'>lll.</span> <span class='ocrx_word' id='word_1_281' title='bbox 1769 2943 1831 3008; x_wconf 88' lang='lat' dir='ltr'>At·</span> <span class='ocrx_word' id='word_1_282' title='bbox 1896 2993 1900 3000; x_wconf 75' lang='grc'>.</span> 
     </span>
     <span class='ocr_line' id='line_1_25' title="bbox 235 3033 1830 3134; baseline -0.003 -20"><span class='ocrx_word' id='word_1_283' title='bbox 235 3045 339 3130; x_wconf 85' lang='lat' dir='ltr'>Hujus</span> <span class='ocrx_word' id='word_1_284' title='bbox 368 3043 493 3130; x_wconf 86' lang='lat' dir='ltr'>generis</span> <span class='ocrx_word' id='word_1_285' title='bbox 520 3053 568 3110; x_wconf 89' lang='lat' dir='ltr'>est</span> <span class='ocrx_word' id='word_1_286' title='bbox 598 3043 769 3132; x_wconf 86' lang='lat' dir='ltr'>signandae</span> <span class='ocrx_word' id='word_1_287' title='bbox 800 3058 946 3115; x_wconf 85' lang='lat' dir='ltr'>monetae</span> <span class='ocrx_word' id='word_1_288' title='bbox 979 3049 1015 3116; x_wconf 87' lang='lat' dir='ltr'>li·</span> <span class='ocrx_word' id='word_1_289' title='bbox 1049 3063 1117 3134; x_wconf 88' lang='lat' dir='ltr'>que</span> <span class='ocrx_word' id='word_1_290' title='bbox 1134 3035 1235 3109; x_wconf 87' lang='lat' dir='ltr'>hoe</span> <span class='ocrx_word' id='word_1_291' title='bbox 1225 3063 1259 3109; x_wconf 90' lang='grc' dir='ltr'>ιιι</span> <span class='ocrx_word' id='word_1_292' title='bbox 1287 3052 1370 3110; x_wconf 85' lang='lat' dir='ltr'>statu</span> <span class='ocrx_word' id='word_1_293' title='bbox 1390 3045 1460 3130; x_wconf 87' lang='lat' dir='ltr'>J&#39;us</span> <span class='ocrx_word' id='word_1_294' title='bbox 1456 3043 1676 3111; x_wconf 85' lang='lat' dir='ltr'>monetarium</span> <span class='ocrx_word' id='word_1_295' title='bbox 1702 3045 1736 3110; x_wconf 95' lang='lat' dir='ltr'>in</span> <span class='ocrx_word' id='word_1_296' title='bbox 1757 3033 1830 3131; x_wconf 84' lang='lat' dir='ltr'>pro·</span> 
     </span>
     <span class='ocr_line' id='line_1_26' title="bbox 235 3141 1876 3236; baseline -0.002 -20"><span class='ocrx_word' id='word_1_297' title='bbox 235 3147 354 3230; x_wconf 85' lang='lat' dir='ltr'>bertas,</span> <span class='ocrx_word' id='word_1_298' title='bbox 392 3167 485 3234; x_wconf 86' lang='lat' dir='ltr'>quarn</span> <span class='ocrx_word' id='word_1_299' title='bbox 511 3145 688 3214; x_wconf 82' lang='lat' dir='ltr'>Antiochus</span> <span class='ocrx_word' id='word_1_300' title='bbox 718 3149 785 3218; x_wconf 77' lang='lat' dir='ltr'>Vll</span> <span class='ocrx_word' id='word_1_301' title='bbox 815 3153 929 3236; x_wconf 82' lang='lat' dir='ltr'>Syriae</span> <span class='ocrx_word' id='word_1_302' title='bbox 957 3173 1016 3220; x_wconf 82' lang='lat' dir='ltr'>rea</span> <span class='ocrx_word' id='word_1_303' title='bbox 1048 3147 1158 3216; x_wconf 82' lang='lat' dir='ltr'>vinulis</span> <span class='ocrx_word' id='word_1_304' title='bbox 1180 3146 1301 3212; x_wconf 86' lang='lat' dir='ltr'>Romae</span> <span class='ocrx_word' id='word_1_305' title='bbox 1322 3145 1469 3231; x_wconf 85' lang='lat' dir='ltr'>subjeetis</span> <span class='ocrx_word' id='word_1_306' title='bbox 1492 3141 1559 3214; x_wconf 86' lang='lat' dir='ltr'>luit.</span> <span class='ocrx_word' id='word_1_307' title='bbox 1875 3143 1876 3148; x_wconf 66' lang='grc'>’</span> 
     </span>
     <span class='ocr_line' id='line_1_27' title="bbox 233 3215 1922 3338; baseline -0.001 -20"><span class='ocrx_word' id='word_1_308' title='bbox 233 3245 374 3318; x_wconf 89' lang='lat' dir='ltr'>Simeoui</span> <span class='ocrx_word' id='word_1_309' title='bbox 402 3247 539 3318; x_wconf 80' lang='lat' dir='ltr'>iudaeae</span> <span class='ocrx_word' id='word_1_310' title='bbox 570 3249 642 3318; x_wconf 81' lang='lat' dir='ltr'>duci</span> <span class='ocrx_word' id='word_1_311' title='bbox 673 3253 753 3322; x_wconf 86' lang='lat' dir='ltr'>inter</span> <span class='ocrx_word' id='word_1_312' title='bbox 786 3253 849 3320; x_wconf 86' lang='lat' dir='ltr'>alis</span> <span class='ocrx_word' id='word_1_313' title='bbox 883 3264 1014 3330; x_wconf 88' lang='lat' dir='ltr'>autono·</span> <span class='ocrx_word' id='word_1_314' title='bbox 1133 3235 1237 3317; x_wconf 82' lang='lat' dir='ltr'>Roma</span> <span class='ocrx_word' id='word_1_315' title='bbox 1272 3248 1373 3316; x_wconf 89' lang='lat' dir='ltr'>libera</span> <span class='ocrx_word' id='word_1_316' title='bbox 1406 3258 1551 3318; x_wconf 84' lang='lat' dir='ltr'>monetae</span> <span class='ocrx_word' id='word_1_317' title='bbox 1585 3215 1790 3316; x_wconf 81' lang='grc' dir='ltr'>ιιιιιιιιιιιι</span> <span class='ocrx_word' id='word_1_318' title='bbox 1776 3269 1830 3333; x_wconf 86' lang='lat' dir='ltr'>Jus</span> <span class='ocrx_word' id='word_1_319' title='bbox 1919 3334 1922 3338; x_wconf 9' lang='lat' dir='ltr'>p</span> 
     </span>
     <span class='ocr_line' id='line_1_28' title="bbox 232 3350 1876 3444; baseline -0.002 -24"><span class='ocrx_word' id='word_1_320' title='bbox 232 3355 312 3420; x_wconf 86' lang='lat' dir='ltr'>miae</span> <span class='ocrx_word' id='word_1_321' title='bbox 332 3358 406 3438; x_wconf 86' lang='lat' dir='ltr'>jura</span> <span class='ocrx_word' id='word_1_322' title='bbox 431 3356 599 3444; x_wconf 78' lang='lat' dir='ltr'>consessit:</span> <span class='ocrx_word' id='word_1_323' title='bbox 638 3369 666 3424; x_wconf 83' lang='lat' dir='ltr'>et</span> <span class='ocrx_word' id='word_1_324' title='bbox 695 3364 831 3442; x_wconf 78' lang='grc' dir='ltr'>ιινιιιιιο</span> <span class='ocrx_word' id='word_1_325' title='bbox 859 3360 912 3424; x_wconf 75' lang='grc' dir='ltr'>ιιι·</span> <span class='ocrx_word' id='word_1_326' title='bbox 927 3359 1015 3440; x_wconf 78' lang='lat' dir='ltr'>soce·</span> <span class='ocrx_word' id='word_1_327' title='bbox 1049 3353 1187 3432; x_wconf 87' lang='lat' dir='ltr'>nemini,</span> <span class='ocrx_word' id='word_1_328' title='bbox 1212 3353 1273 3424; x_wconf 88' lang='lat' dir='ltr'>uisi</span> <span class='ocrx_word' id='word_1_329' title='bbox 1298 3351 1360 3420; x_wconf 89' lang='lat' dir='ltr'>sibi</span> <span class='ocrx_word' id='word_1_330' title='bbox 1384 3351 1525 3419; x_wconf 86' lang='lat' dir='ltr'>indulsit.</span> <span class='ocrx_word' id='word_1_331' title='bbox 1577 3350 1668 3420; x_wconf 87' lang='lat' dir='ltr'>Nulli</span> <span class='ocrx_word' id='word_1_332' title='bbox 1696 3363 1831 3438; x_wconf 82' lang='lat' dir='ltr'>unquam</span> <span class='ocrx_word' id='word_1_333' title='bbox 1874 3375 1876 3386; x_wconf 92' lang='grc'><strong><em>·</em></strong></span> 
     </span>
     <span class='ocr_line' id='line_1_29' title="bbox 233 3445 1831 3543; baseline -0.003 -21"><span class='ocrx_word' id='word_1_334' title='bbox 233 3477 269 3522; x_wconf 83' lang='lat' dir='ltr'>re</span> <span class='ocrx_word' id='word_1_335' title='bbox 296 3475 507 3536; x_wconf 73' lang='lat' dir='ltr'>percussurum</span> <span class='ocrx_word' id='word_1_336' title='bbox 536 3464 656 3542; x_wconf 74' lang='lat' dir='ltr'>proprii</span> <span class='ocrx_word' id='word_1_337' title='bbox 683 3467 866 3528; x_wconf 80' lang='grc' dir='ltr'>ιιιιιιιιιιαιίι</span> <span class='ocrx_word' id='word_1_338' title='bbox 901 3445 934 3526; x_wconf 81' lang='lat' dir='ltr'>in</span> <span class='ocrx_word' id='word_1_339' title='bbox 968 3483 1015 3528; x_wconf 84' lang='lat' dir='ltr'>re·</span> <span class='ocrx_word' id='word_1_340' title='bbox 1048 3455 1253 3542; x_wconf 83' lang='lat' dir='ltr'>magistratui,</span> <span class='ocrx_word' id='word_1_341' title='bbox 1300 3453 1431 3522; x_wconf 92' lang='lat' dir='ltr'>nedum</span> <span class='ocrx_word' id='word_1_342' title='bbox 1458 3457 1601 3543; x_wconf 81' lang='lat' dir='ltr'>privato,</span> <span class='ocrx_word' id='word_1_343' title='bbox 1647 3454 1831 3542; x_wconf 89' lang='lat' dir='ltr'>permissum</span> 
     </span>
     <span class='ocr_line' id='line_1_30' title="bbox 233 3551 1832 3646; baseline -0.002 -23"><span class='ocrx_word' id='word_1_344' title='bbox 233 3563 443 3642; x_wconf 74' lang='lat' dir='ltr'>gimeias).</span> <span class='ocrx_word' id='word_1_345' title='bbox 685 3611 690 3619; x_wconf 96' lang='lat'>.</span> <span class='ocrx_word' id='word_1_346' title='bbox 1049 3557 1124 3640; x_wconf 84' lang='lat' dir='ltr'>fuit,</span> <span class='ocrx_word' id='word_1_347' title='bbox 1160 3551 1294 3644; x_wconf 85' lang='lat' dir='ltr'>effigiem</span> <span class='ocrx_word' id='word_1_348' title='bbox 1328 3579 1414 3624; x_wconf 88' lang='lat' dir='ltr'>suam</span> <span class='ocrx_word' id='word_1_349' title='bbox 1443 3569 1588 3626; x_wconf 88' lang='lat' dir='ltr'>monetae</span> <span class='ocrx_word' id='word_1_350' title='bbox 1616 3556 1795 3646; x_wconf 84' lang='lat' dir='ltr'>publioae</span> <span class='ocrx_word' id='word_1_351' title='bbox 1786 3575 1832 3620; x_wconf 87' lang='lat' dir='ltr'>rn-</span> 
     </span>
     <span class='ocr_line' id='line_1_31' title="bbox 195 3655 1899 3768; baseline 0.003 -50"><span class='ocrx_word' id='word_1_352' title='bbox 195 3709 200 3718; x_wconf 90' lang='lat'>.</span> <span class='ocrx_word' id='word_1_353' title='bbox 322 3655 480 3737; x_wconf 86' lang='lat' dir='ltr'>Romani,</span> <span class='ocrx_word' id='word_1_354' title='bbox 534 3677 602 3722; x_wconf 87' lang='lat' dir='ltr'>eum</span> <span class='ocrx_word' id='word_1_355' title='bbox 644 3661 788 3744; x_wconf 81' lang='lat' dir='ltr'>regiones</span> <span class='ocrx_word' id='word_1_356' title='bbox 832 3674 895 3746; x_wconf 52' lang='lat' dir='ltr'>aut,</span> <span class='ocrx_word' id='word_1_357' title='bbox 928 3663 1014 3730; x_wconf 92' lang='lat' dir='ltr'>bello</span> <span class='ocrx_word' id='word_1_358' title='bbox 1049 3661 1139 3740; x_wconf 74' lang='lat' dir='ltr'>ferre,</span> <span class='ocrx_word' id='word_1_359' title='bbox 1183 3661 1271 3728; x_wconf 91' lang='lat' dir='ltr'>Ne</span> <span class='ocrx_word' id='word_1_360' title='bbox 1263 3681 1331 3750; x_wconf 77' lang='lat' dir='ltr'>ipse</span> <span class='ocrx_word' id='word_1_361' title='bbox 1353 3659 1478 3749; x_wconf 89' lang='lat' dir='ltr'>quidem</span> <span class='ocrx_word' id='word_1_362' title='bbox 1500 3661 1603 3740; x_wconf 87' lang='lat' dir='ltr'>Sulla,</span> <span class='ocrx_word' id='word_1_363' title='bbox 1633 3661 1687 3747; x_wconf 92' lang='lat' dir='ltr'>qui</span> <span class='ocrx_word' id='word_1_364' title='bbox 1713 3659 1838 3744; x_wconf 84' lang='lat' dir='ltr'>aliquot</span> <span class='ocrx_word' id='word_1_365' title='bbox 1877 3709 1899 3768; x_wconf 39' lang='lat'>7</span> 
     </span>
     <span class='ocr_line' id='line_1_32' title="bbox 191 3750 1831 3852; baseline -0.002 -25"><span class='ocrx_word' id='word_1_366' title='bbox 191 3757 195 3768; x_wconf 87' lang='lat'>&#39;</span> <span class='ocrx_word' id='word_1_367' title='bbox 236 3755 357 3850; x_wconf 77' lang='lat' dir='ltr'>eaptus,</span> <span class='ocrx_word' id='word_1_368' title='bbox 393 3750 447 3826; x_wconf 81' lang='lat' dir='ltr'>abt</span> <span class='ocrx_word' id='word_1_369' title='bbox 478 3768 595 3847; x_wconf 90' lang='lat' dir='ltr'>sponte</span> <span class='ocrx_word' id='word_1_370' title='bbox 630 3759 751 3828; x_wconf 87' lang='lat' dir='ltr'>oblatas</span> <span class='ocrx_word' id='word_1_371' title='bbox 782 3771 882 3830; x_wconf 76' lang='lat' dir='ltr'>eunte</span> <span class='ocrx_word' id='word_1_372' title='bbox 915 3765 1139 3832; x_wconf 72' lang='lat' dir='ltr'>adhaesuris</span> <span class='ocrx_word' id='word_1_373' title='bbox 1166 3771 1340 3852; x_wconf 85' lang='lat' dir='ltr'>tyrannum</span> <span class='ocrx_word' id='word_1_374' title='bbox 1373 3765 1460 3850; x_wconf 72' lang='lat' dir='ltr'>egit„</span> <span class='ocrx_word' id='word_1_375' title='bbox 1488 3763 1637 3848; x_wconf 84' lang='lat' dir='ltr'>legesque</span> <span class='ocrx_word' id='word_1_376' title='bbox 1672 3759 1713 3825; x_wconf 85' lang='lat' dir='ltr'>sd</span> <span class='ocrx_word' id='word_1_377' title='bbox 1744 3761 1831 3826; x_wconf 81' lang='lat' dir='ltr'>arbi-</span> 
     </span>
     <span class='ocr_line' id='line_1_33' title="bbox 234 3861 1830 3953; baseline -0.003 -24"><span class='ocrx_word' id='word_1_378' title='bbox 234 3863 395 3952; x_wconf 86' lang='lat' dir='ltr'>republioa</span> <span class='ocrx_word' id='word_1_379' title='bbox 428 3863 462 3930; x_wconf 89' lang='lat' dir='ltr'>iu</span> <span class='ocrx_word' id='word_1_380' title='bbox 499 3861 682 3950; x_wconf 83' lang='lat' dir='ltr'>provinciae</span> <span class='ocrx_word' id='word_1_381' title='bbox 715 3863 846 3930; x_wconf 88' lang='lat' dir='ltr'>formam</span> <span class='ocrx_word' id='word_1_382' title='bbox 880 3867 1015 3953; x_wconf 86' lang='lat' dir='ltr'>redegis·</span> <span class='ocrx_word' id='word_1_383' title='bbox 1044 3868 1140 3934; x_wconf 78' lang='lat' dir='ltr'>¹trium</span> <span class='ocrx_word' id='word_1_384' title='bbox 1171 3866 1255 3948; x_wconf 83' lang='lat' dir='ltr'>fixit,</span> <span class='ocrx_word' id='word_1_385' title='bbox 1291 3865 1470 3953; x_wconf 84' lang='lat' dir='ltr'>refixitque,</span> <span class='ocrx_word' id='word_1_386' title='bbox 1501 3868 1558 3949; x_wconf 82' lang='lat' dir='ltr'>jus</span> <span class='ocrx_word' id='word_1_387' title='bbox 1586 3861 1666 3927; x_wconf 91' lang='lat' dir='ltr'>illud</span> <span class='ocrx_word' id='word_1_388' title='bbox 1702 3871 1830 3928; x_wconf 84' lang='lat' dir='ltr'>attenta·</span> 
     </span>
     <span class='ocr_line' id='line_1_34' title="bbox 235 3963 1830 4057; baseline -0.003 -24"><span class='ocrx_word' id='word_1_389' title='bbox 235 3977 319 4046; x_wconf 80' lang='lat' dir='ltr'>seut,</span> <span class='ocrx_word' id='word_1_390' title='bbox 344 3974 469 4054; x_wconf 88' lang='lat' dir='ltr'>praetor</span> <span class='ocrx_word' id='word_1_391' title='bbox 496 3963 558 4032; x_wconf 87' lang='lat' dir='ltr'>alia</span> <span class='ocrx_word' id='word_1_392' title='bbox 583 3963 775 4032; x_wconf 88' lang='lat' dir='ltr'>libertatis</span> <span class='ocrx_word' id='word_1_393' title='bbox 760 3987 833 4052; x_wconf 89' lang='lat' dir='ltr'>Jura</span> <span class='ocrx_word' id='word_1_394' title='bbox 858 3967 1016 4038; x_wconf 80' lang='lat' dir='ltr'>feriundae</span> <span class='ocrx_word' id='word_1_395' title='bbox 1049 3970 1102 4037; x_wconf 83' lang='lat' dir='ltr'>vit.</span> <span class='ocrx_word' id='word_1_396' title='bbox 1159 3970 1195 4036; x_wconf 92' lang='lat' dir='ltr'>Si</span> <span class='ocrx_word' id='word_1_397' title='bbox 1228 3989 1289 4057; x_wconf 89' lang='lat' dir='ltr'>qua</span> <span class='ocrx_word' id='word_1_398' title='bbox 1320 3967 1502 4034; x_wconf 85' lang='lat' dir='ltr'>videmus</span> <span class='ocrx_word' id='word_1_399' title='bbox 1491 3987 1527 4032; x_wconf 89' lang='grc' dir='ltr'>ιιι</span> <span class='ocrx_word' id='word_1_400' title='bbox 1559 3964 1659 4030; x_wconf 89' lang='lat' dir='ltr'>numis</span> <span class='ocrx_word' id='word_1_401' title='bbox 1691 3963 1830 4030; x_wconf 83' lang='lat' dir='ltr'>virorum</span> 
     </span>
     <span class='ocr_line' id='line_1_35' title="bbox 237 4067 1830 4166; baseline -0.001 -32"><span class='ocrx_word' id='word_1_402' title='bbox 237 4069 326 4135; x_wconf 85' lang='lat' dir='ltr'>etiam</span> <span class='ocrx_word' id='word_1_403' title='bbox 357 4069 508 4157; x_wconf 79' lang='lat' dir='ltr'>pecuniae</span> <span class='ocrx_word' id='word_1_404' title='bbox 539 4067 724 4156; x_wconf 88' lang='lat' dir='ltr'>permissum</span> <span class='ocrx_word' id='word_1_405' title='bbox 757 4069 886 4152; x_wconf 84' lang='lat' dir='ltr'>urbibus</span> <span class='ocrx_word' id='word_1_406' title='bbox 914 4073 1014 4140; x_wconf 88' lang='lat' dir='ltr'>indul·</span> <span class='ocrx_word' id='word_1_407' title='bbox 1047 4071 1240 4161; x_wconf 80' lang='lat' dir='ltr'>reipublicae</span> <span class='ocrx_word' id='word_1_408' title='bbox 1282 4069 1447 4166; x_wconf 82' lang='lat' dir='ltr'>illustrium</span> <span class='ocrx_word' id='word_1_409' title='bbox 1490 4067 1611 4156; x_wconf 84' lang='lat' dir='ltr'>capita,</span> <span class='ocrx_word' id='word_1_410' title='bbox 1654 4073 1712 4132; x_wconf 83' lang='lat' dir='ltr'>eos</span> <span class='ocrx_word' id='word_1_411' title='bbox 1755 4067 1830 4133; x_wconf 85' lang='lat' dir='ltr'>sutis</span> 
     </span>
     <span class='ocr_line' id='line_1_36' title="bbox 238 4155 1832 4260; baseline -0.001 -24"><span class='ocrx_word' id='word_1_412' title='bbox 238 4171 316 4236; x_wconf 81' lang='lat' dir='ltr'>seis.</span> <span class='ocrx_word' id='word_1_413' title='bbox 357 4170 563 4240; x_wconf 84' lang='lat' dir='ltr'>Perrexerunt</span> <span class='ocrx_word' id='word_1_414' title='bbox 589 4189 665 4257; x_wconf 84' lang='lat' dir='ltr'>ergo</span> <span class='ocrx_word' id='word_1_415' title='bbox 694 4161 807 4239; x_wconf 86' lang='lat' dir='ltr'>Asiani</span> <span class='ocrx_word' id='word_1_416' title='bbox 832 4173 946 4242; x_wconf 85' lang='lat' dir='ltr'>cudere</span> <span class='ocrx_word' id='word_1_417' title='bbox 974 4177 1014 4244; x_wconf 86' lang='lat' dir='ltr'>ei·</span> <span class='ocrx_word' id='word_1_418' title='bbox 1050 4184 1173 4243; x_wconf 84' lang='lat' dir='ltr'>constat</span> <span class='ocrx_word' id='word_1_419' title='bbox 1205 4174 1245 4240; x_wconf 82' lang='lat' dir='ltr'>ab</span> <span class='ocrx_word' id='word_1_420' title='bbox 1278 4194 1387 4240; x_wconf 84' lang='lat' dir='ltr'>eorum</span> <span class='ocrx_word' id='word_1_421' title='bbox 1422 4172 1557 4260; x_wconf 83' lang='lat' dir='ltr'>posteris</span> <span class='ocrx_word' id='word_1_422' title='bbox 1590 4189 1630 4236; x_wconf 82' lang='lat' dir='ltr'>ex</span> <span class='ocrx_word' id='word_1_423' title='bbox 1661 4155 1698 4236; x_wconf 91' lang='lat' dir='ltr'>S</span> <span class='ocrx_word' id='word_1_424' title='bbox 1723 4168 1757 4234; x_wconf 87' lang='grc' dir='ltr'>Ο.</span> <span class='ocrx_word' id='word_1_425' title='bbox 1785 4171 1832 4236; x_wconf 88' lang='grc' dir='ltr'>ιιι</span> 
     </span>
     <span class='ocr_line' id='line_1_37' title="bbox 238 4271 1919 4390; baseline -0.001 -53"><span class='ocrx_word' id='word_1_426' title='bbox 238 4272 432 4359; x_wconf 87' lang='lat' dir='ltr'>stophoros,</span> <span class='ocrx_word' id='word_1_427' title='bbox 483 4295 559 4340; x_wconf 90' lang='lat' dir='ltr'>suos</span> <span class='ocrx_word' id='word_1_428' title='bbox 609 4272 706 4340; x_wconf 80' lang='lat' dir='ltr'>Attici</span> <span class='ocrx_word' id='word_1_429' title='bbox 726 4275 1014 4361; x_wconf 84' lang='lat' dir='ltr'>tetradruohmos,</span> <span class='ocrx_word' id='word_1_430' title='bbox 1049 4277 1240 4342; x_wconf 84' lang='lat' dir='ltr'>monetariae</span> <span class='ocrx_word' id='word_1_431' title='bbox 1275 4277 1442 4368; x_wconf 84' lang='lat' dir='ltr'>praelectis</span> <span class='ocrx_word' id='word_1_432' title='bbox 1480 4275 1636 4390; x_wconf 74' lang='lat' dir='ltr'>signatos,</span> <span class='ocrx_word' id='word_1_433' title='bbox 1680 4271 1754 4338; x_wconf 90' lang='lat' dir='ltr'>dum</span> <span class='ocrx_word' id='word_1_434' title='bbox 1796 4271 1829 4338; x_wconf 89' lang='lat' dir='ltr'>in</span> <span class='ocrx_word' id='word_1_435' title='bbox 1899 4315 1919 4357; x_wconf 34' lang='lat'>¹-</span> 
     </span>
     <span class='ocr_line' id='line_1_38' title="bbox 238 4369 1831 4466; baseline 0.001 -25"><span class='ocrx_word' id='word_1_436' title='bbox 238 4393 324 4442; x_wconf 87' lang='lat' dir='ltr'>suam</span> <span class='ocrx_word' id='word_1_437' title='bbox 355 4369 408 4440; x_wconf 90' lang='lat' dir='ltr'>alii</span> <span class='ocrx_word' id='word_1_438' title='bbox 437 4385 608 4458; x_wconf 89' lang='lat' dir='ltr'>monetam,</span> <span class='ocrx_word' id='word_1_439' title='bbox 646 4387 794 4464; x_wconf 88' lang='lat' dir='ltr'>quantum</span> <span class='ocrx_word' id='word_1_440' title='bbox 830 4399 887 4466; x_wconf 89' lang='lat' dir='ltr'>per</span> <span class='ocrx_word' id='word_1_441' title='bbox 916 4381 1012 4448; x_wconf 85' lang='lat' dir='ltr'>iacul-</span> <span class='ocrx_word' id='word_1_442' title='bbox 1049 4381 1151 4466; x_wconf 84' lang='lat' dir='ltr'>gentis</span> <span class='ocrx_word' id='word_1_443' title='bbox 1173 4401 1248 4446; x_wconf 85' lang='lat' dir='ltr'>suae</span> <span class='ocrx_word' id='word_1_444' title='bbox 1270 4379 1365 4446; x_wconf 87' lang='lat' dir='ltr'>decus</span> <span class='ocrx_word' id='word_1_445' title='bbox 1387 4397 1462 4459; x_wconf 88' lang='lat' dir='ltr'>eos,</span> <span class='ocrx_word' id='word_1_446' title='bbox 1490 4384 1543 4444; x_wconf 84' lang='lat' dir='ltr'>sut</span> <span class='ocrx_word' id='word_1_447' title='bbox 1568 4375 1701 4462; x_wconf 83' lang='lat' dir='ltr'>iusignia</span> <span class='ocrx_word' id='word_1_448' title='bbox 1722 4395 1831 4442; x_wconf 87' lang='lat' dir='ltr'>eomm</span> 
     </span>
    </p>
   </div>
   <div class='ocr_carea' id='block_1_8' title="bbox 242 4519 1827 4544">
    <p class='ocr_par' dir='ltr' id='par_1_8' title="bbox 242 4519 1827 4544">
     <span class='ocr_line' id='line_1_39' title="bbox 242 4519 1827 4544; baseline 0.001 -6"><span class='ocrx_word' id='word_1_449' title='bbox 242 4529 276 4538; x_wconf 61' lang='lat' dir='ltr'>nn·</span> <span class='ocrx_word' id='word_1_450' title='bbox 568 4531 662 4540; x_wconf 52' lang='lat' dir='ltr'><em>m-..-</em></span> <span class='ocrx_word' id='word_1_451' title='bbox 847 4535 914 4544; x_wconf 59' lang='grc'>...,,,,</span> <span class='ocrx_word' id='word_1_452' title='bbox 941 4537 948 4544; x_wconf 74' lang='grc'><strong>,</strong></span> <span class='ocrx_word' id='word_1_453' title='bbox 958 4537 969 4544; x_wconf 80' lang='grc'>,,</span> <span class='ocrx_word' id='word_1_454' title='bbox 981 4519 1040 4544; x_wconf 46' lang='grc' dir='ltr'>...Δ</span> <span class='ocrx_word' id='word_1_455' title='bbox 1326 4535 1375 4542; x_wconf 75' lang='grc'>-.--</span> <span class='ocrx_word' id='word_1_456' title='bbox 1657 4531 1827 4540; x_wconf 56' lang='grc' dir='ltr'>--η-η-ι--ο-</span> 
     </span>
    </p>
   </div>
   <div class='ocr_carea' id='block_1_9' title="bbox 302 4593 766 4660">
    <p class='ocr_par' dir='ltr' id='par_1_9' title="bbox 302 4593 766 4660">
     <span class='ocr_line' id='line_1_40' title="bbox 302 4593 766 4660; baseline 0 -11"><span class='ocrx_word' id='word_1_457' title='bbox 302 4594 327 4660; x_wconf 85' lang='grc' dir='ltr'>ι)</span> <span class='ocrx_word' id='word_1_458' title='bbox 346 4593 481 4650; x_wconf 80' lang='lat' dir='ltr'>iilaoolrab.</span> <span class='ocrx_word' id='word_1_459' title='bbox 499 4595 517 4647; x_wconf 94' lang='lat' dir='ltr'>l.</span> <span class='ocrx_word' id='word_1_460' title='bbox 538 4615 559 4648; x_wconf 83' lang='grc' dir='ltr'>ι.</span> <span class='ocrx_word' id='word_1_461' title='bbox 579 4600 617 4648; x_wconf 84' lang='lat' dir='ltr'>li.</span> <span class='ocrx_word' id='word_1_462' title='bbox 636 4617 659 4648; x_wconf 85' lang='lat' dir='ltr'>r·</span> <span class='ocrx_word' id='word_1_463' title='bbox 680 4596 704 4648; x_wconf 83' lang='grc' dir='ltr'>(ι.</span> <span class='ocrx_word' id='word_1_464' title='bbox 761 4595 766 4600; x_wconf 71' lang='grc'>’</span> 
     </span>
    </p>
   </div>
   <div class='ocr_carea' id='block_1_10' title="bbox 0 0 2246 5472">
    <p class='ocr_par' dir='ltr' id='par_1_10' title="bbox 0 0 2246 5472">
     <span class='ocr_line' id='line_1_41' title="bbox 0 0 2246 5472; baseline 0 0"><span class='ocrx_word' id='word_1_465' title='bbox 0 0 2246 5472; x_wconf 95' lang='lat' dir='ltr'> </span> 
     </span>
    </p>
   </div>
  </div>
 </body>
</html>
