4472 5472
343 442 452 542 aaa
526 429 531 438 “
586 447 604 546 ,’
765 449 1169 589 nnomeomnnn
1202 409 1551 573 ιιιιιιιιιι
1695 555 1704 564 ,

247 691 266 706 ,
343 573 498 712 halus
491 626 587 696 nihil
607 621 814 707 retentu,
845 583 1021 709 Hurrterus,
1058 573 1122 694 En·
1156 636 1188 696 et
1219 627 1374 738 reperies,
1416 585 1545 700 additos
1576 563 1664 696 hie
1658 631 1794 746 passim
1816 629 1936 711 titulos,
2048 573 2055 582 ·

161 803 165 810 ,
239 817 243 826 ,
273 739 277 749 '
344 731 463 812 ιιιιιιι
499 729 578 806 vidit
617 717 762 798 Goltzius
798 729 935 817 quinque
973 728 1123 796 Hierohis
1158 729 1243 822 qui,
1250 723 1324 797 etei
1349 729 1430 812 veri,
1464 741 1568 800 tamen
1597 733 1633 800 in
1648 731 1762 806 numia
1789 729 1939 816 hamsnns

320 833 369 914 sl.
397 850 509 900 namot
539 831 694 900 aGeloia
720 830 879 920 signatos,
905 841 1040 929 quatuor
1067 851 1124 898 uo·
1158 815 1300 900 anobis
1326 835 1479 921 comperti
1505 857 1571 914 non
1598 843 1679 902 sunt
1729 832 1865 900 Obviam
1891 841 1940 902 cst
2054 879 2060 888 .
2123 862 2131 872 ·

295 1003 297 1007 ,
342 933 428 1003 mine
447 933 596 1014 Dionysii
615 924 794 1050 inscriptos,
817 955 897 1022 quoe
918 932 1026 1002 videre
1047 954 1123 1000 nun·
1158 931 1191 1000 in
1217 931 1394 1009 Goltzianis
1416 935 1568 1008 numial.
1590 935 1732 1026 Caesarie
1759 934 1895 1021 legero'
1886 951 1944 1010 ιιι·

347 1056 437 1123 quam
464 1033 551 1104 licuit
568 1036 712 1149 'ppinoipi
732 1035 841 1102 Turris
862 1033 989 1101 Muciae
1009 1035 1148 1102 indes
1140 1034 1311 1150 paratoria
1337 1055 1472 1114 nomen
1486 1041 1589 1104 sexies
1618 1048 1755 1118 auctum,
1780 1037 1818 1104 ιι
1844 1037 1941 1106 Grae·
2003 1099 2013 1114 ,

209 1131 234 1144 ”
345 1133 477 1223 pueritia
497 1135 616 1223 patriae
637 1156 713 1203 anae
733 1135 833 1202 numia
855 1129 993 1205 inhianti.
1035 1136 1125 1203 Vidit
1159 1135 1206 1202 cie
1248 1137 1380 1203 Antonii
1424 1139 1605 1224 dignitatem
1648 1139 1818 1224 auguris,
1837 1135 1942 1204 omnia

117 1221 144 1334 f
284 1262 286 1268 ’
346 1256 459 1304 numos
485 1239 664 1326 copiosos
663 1233 765 1304 adhuc
791 1248 866 1323 port
889 1223 1078 1326 Galigrdae'
1069 1259 1123 1316 ιις
1159 1220 1252 1304 nobis
1274 1237 1423 1326 hactenus
1453 1240 1572 1324 ignota.
1615 1240 1716 1326 Legae
1737 1217 1866 1308 urbibus
1887 1238 1942 1306 tri-

251 1419 256 1424 ,
343 1339 465 1426 parim
492 1340 542 1406 ab
560 1321 732 1425 Hispaniae
758 1339 889 1406 urbibus
917 1350 1025 1420 cusos,
1057 1359 1126 1404 cnm
1160 1339 1253 1406 butos
1301 1348 1504 1422 neocoratue,
1553 1340 1755 1438 dignitatem
1782 1345 1941 1427 metropo-

273 1509 277 1522 ,
346 1439 498 1510 irtarim‘
488 1463 523 1509 ιι
548 1440 608 1507 hac
629 1439 748 1506 Goltzii
768 1439 838 1505 luce
860 1440 1025 1510 caecutiret
1038 1439 1124 1506 Hen-
1157 1438 1213 1521 lia,
1244 1437 1386 1527 aliosque
1412 1441 1537 1520 titulos,
1569 1431 1681 1528 quibus
1714 1439 1784 1506 illas
1817 1441 1942 1532 gavisae

214 1604 218 1612 .
321 1537 701 1630 ·rtotaF10rerius,et
730 1539 876 1608 laudatas
901 1543 1021 1630 patriae
1051 1561 1125 1608 suae
1151 1541 1270 1612 infiniti
1298 1541 1383 1608 numi
1411 1541 1470 1608 alii
1492 1542 1585 1609 nobis
1612 1543 1731 1628 cogniti
1758 1559 1825 1607 non
1851 1560 1940 1626 prae·

349 1641 427 1728 opei
463 1643 497 1708 in
531 1639 601 1730 ipsa
636 1640 736 1728 patna
769 1641 883 1710 frustm
917 1643 1126 1732 maestigaret.
1160 1643 1281 1730 ιιιιιι,
1319 1644 1466 1712 Omnium
1490 1653 1710 1727 tyrannorum,
1737 1643 1792 1730 qui
1817 1639 1894 1722 inde
1922 1663 1942 1706 a
2024 1627 2047 1689 ἶ

252 1807 255 1810 .
348 1741 491 1810 vitiam
511 1752 638 1832 moneta
659 1765 766 1831 regum
788 1743 999 1834 Macedoniae
1015 1767 1128 1814 numos
1163 1743 1310 1818 Gallieno
1336 1747 1497 1834 inperium
1524 1747 1562 1812 lt.
1584 1754 1751 1826 vexerunt,
1771 1743 1866 1809 nohis
1888 1739 1941 1808 de·

349 1842 535 1928 Ptolemae
553 1844 711 1926 Aloritae,
748 1845 922 1935 Antipatri,
957 1847 1129 1914 Ptolemaei
1163 1849 1210 1914 dit
1236 1845 1362 1928 numos,
1394 1868 1526 1935 quorum
1554 1846 1724 1934 plerosque
1756 1845 1791 1912 in
1817 1840 1942 1910 hodier-

350 1945 523 2034 Cerauni,¹
554 1946 725 2034 Meleagri,
781 1947 938 2034 Antipatri
990 1949 1128 2030 alterius,
1163 1971 1236 2014 num
1280 1969 1379 2036 usqne
1418 1947 1506 2014 diem
1551 1948 1710 2014 incassum
1753 1946 1943 2034 quaerimua3

247 2043 270 2105 f
318 2057 321 2064 '
350 2047 527 2128 Sosthenis,
543 2048 696 2134 Antigoni
717 2047 825 2114 addito
847 2050 974 2114 nomine
989 2051 1022 2113 Γ
1022 2046 1131 2113 ΟΝΑ-
1162 2057 1196 2114 ιι
1225 2049 1425 2124 monendum„
1439 2047 1507 2129 hie,
1539 2056 1657 2112 tantum
1685 2067 1793 2130 eorum
1818 2045 1857 2112 ab
1885 2041 1945 2120 ill0.

346 2148 461 2229 ΤΟΥ,
499 2149 614 2242 bellam
649 2142 772 2228 hercle,
807 2156 900 2234 atque
930 2145 1138 2240 incidendam·
1162 2147 1295 2235 proferri
1321 2153 1449 2236 numos,
1482 2168 1562 2233 quoe
1590 2147 1747 2214 inferioris
1774 2147 1844 2214 aevi
1870 2145 1944 2213 acri·

301 2309 305 2322 „
350 2247 508 2314 sobolem!
542 2258 574 2312 at
603 2247 716 2311 horum
744 2246 862 2314 nrdlum
896 2247 1007 2320 videre,
1027 2246 1130 2326 hacte-
1163 2256 1271 2334 ptores
1303 2245 1471 2312 memoriae
1506 2245 1685 2334 prodidere.
1736 2245 1782 2312 At
1815 2267 1873 2322 cur,
1904 2245 1943 2326 is,

352 2369 425 2418 uus
452 2345 540 2414 licuit
580 2345 767 2412 amicissimo
812 2339 888 2412 mihi
921 2346 1128 2427 cousideryo,
1163 2348 1213 2414 cui
1240 2369 1348 2416 omnes
1362 2363 1535 2418 numerum
1563 2345 1675 2430 abyssi
1702 2347 1845 2437 patuere,
1877 2339 1943 2410 non
2075 2397 2080 2404 .
2153 2405 2159 2412 .
2228 2339 2229 2346 '

353 2448 407 2532 qui
432 2445 571 2513 multis'
557 2468 623 2532 Jam
648 2447 737 2513 annia
766 2449 906 2543 nationis
932 2448 1055 2516 Galliae
1079 2468 1129 2513 res
1163 2449 1256 2516 ctiam
1292 2441 1386 2516 ndbis
1419 2447 1508 2514 dedit
1537 2447 1750 2534 Pacatianurp,
1794 2445 1942 2532 Sponsia·

337 2540 598 2616 'Thesmoaicae
624 2557 786 2648 procurat,
813 2559 852 2616 et
878 2559 1021 2618 monetae
1046 2557 1129 2616 vete·
1162 2566 1253 2630 nunt,
1294 2547 1518 2640 Druantillam
1561 2545 1706 2619 nullam
1717 2548 1810 2615 ctiam
1842 2546 1943 2614 Corn.

237 2647 256 2660 “
326 2648 397 2716 ris
432 2673 538 2718 amore
574 2650 679 2716 omnia
703 2629 918 2716 Macedoniae
950 2651 1057 2750 abdita
1089 2648 1129 2714 ri-
1149 2630 1333 2745 superam?
1375 2651 1530 2718 Nimirum
1571 2650 1687 2716 horum
1726 2647 1827 2731 humi,
1871 2646 1945 2734 quie

178 2779 181 2788 ι
260 2801 273 2812 .
342 2759 494 2848 tutatur,
510 2751 571 2818 etsi
611 2752 693 2838 regis
730 2752 900 2820 Pausaniae
941 2752 972 2818 ia
1006 2741 1131 2817 numum
1163 2739 1322 2852 hodieque
1347 2751 1519 2834 rarissimi,
1557 2750 1678 2818 homiui
1712 2749 1800 2818 fuere
1833 2748 1945 2836 ignoti,
2087 2845 2092 2852 Δ

353 2853 503 2940 reperim
534 2862 570 2920 et
604 2852 750 2935 Goltzio,
786 2863 818 2920 et
856 2851 1002 2922 omnibus
1038 2852 1132 2920 nobie
1165 2863 1197 2919 et
1219 2853 1302 2969 qnia
1317 2852 1370 2920 ab
1383 2853 1542 2951 historicis
1570 2854 1743 2942 praeteriti,
1771 2851 1812 2919 ad
1837 2871 1946 2920 eorum

353 2945 504 3030 Ιιιιιιιιι
525 2976 567 3022 ex
588 2954 689 3024 numia
709 2956 817 3047 ignoti
860 2953 995 3024 Tantn'
985 2975 1019 3022 ιι
1039 2975 1134 3022 unum
1167 2955 1294 3022 nomina
1319 2955 1436 3043 fingere
1465 2977 1577 3025 numos
1604 2975 1671 3022 non
1691 2955 1804 3044 potuit.
1848 2953 1945 3020 Volu·
1989 3003 1992 3012 .

282 3057 286 3066 “
313 3079 320 3090 ·
355 3053 514 3129 hominem
539 3054 656 3124 collata
681 3057 808 3124 fortuna
833 3057 888 3122 out
909 3055 1009 3124 videri
1029 3065 1136 3142 potest
1167 3079 1233 3146 pe
1235 3066 1284 3124 eat
1310 3057 1402 3144 etiam
1426 3056 1567 3144 legere
1557 3077 1590 3125 ιι
1615 3057 1666 3122 hia
1697 3053 1872 3122 Goltziauia
1899 3073 1946 3120 ur·

323 3179 328 3186 ·
356 3159 549 3246 probabilis,
583 3175 654 3224 ctam
688 3177 755 3224 non
784 3141 914 3222 multum
945 3156 1135 3224 abiereex·
1169 3159 1318 3226 beenon
1346 3135 1444 3231 modo
1471 3179 1513 3224 ex
1533 3157 1650 3236 nuruis,
1676 3153 1734 3222 aed
1760 3163 1793 3220 et
1816 3172 1946 3267 geogra-

263 3269 268 3274 ·
356 3259 479 3338 atine,
527 3275 592 3342 quo
639 3256 740 3322 minus
782 3261 814 3324 et
857 3256 958 3339 Gygie
1007 3256 1135 3340 annulo,
1169 3255 1242 3352 phis
1284 3256 1377 3342 nobie
1420 3259 1561 3342 ignotae,
1610 3275 1789 3373 earumque
1818 3248 1961 3321 uomina.
2006 3337 2011 3346 ι

352 3367 391 3425 et
425 3355 486 3432 toti
515 3355 705 3430 Acherontis
740 3354 866 3437 donni,
900 3364 932 3424 et
961 3355 1137 3444 hippocen-
1169 3379 1330 3448 perverse,
1358 3365 1531 3426 contrane
1554 3359 1640 3422 numi
1665 3357 1792 3473 genuini
1820 3353 1946 3446 docent,

335 3460 470 3540 .·tauris,
492 3449 539 3525 'et
571 3455 784 3542 Hesperidum
818 3455 919 3552 hortis
951 3457 1049 3530 fidem
1083 3459 1136 3528 ad·
1169 3473 1309 3542 exarata,
1354 3480 1485 3548 quorum
1523 3457 1661 3526 omnium
1695 3459 1724 3525 si
1756 3459 1828 3556 quis
1863 3456 1949 3526 volet

360 3559 517 3630 sument
766 3597 767 3600 ι
814 3583 820 3588 ·
882 3595 893 3615 =
1026 3627 1029 3634 A
1171 3561 1344 3650 sphalmata
1375 3553 1650 3649 commemorare,
1697 3559 1829 3647 longum
1875 3557 1947 3645 prb·

445 3661 568 3733 Tamen
591 3657 705 3726 haec'
695 3681 729 3728 ιι
754 3662 856 3730 numia
883 3659 1004 3735 urbium
1032 3669 1063 3728 et
1090 3681 1136 3726 re·
1171 3673 1241 3752 pter
1265 3661 1405 3750 copim,
1433 3663 1648 3751 ingratumque
1673 3662 1815 3732 laborem
1846 3678 1947 3726 susce·
1991 3716 1995 3724 .

278 3833 289 3846 ,
359 3783 434 3852 gaam
462 3759 570 3832 celan
595 3761 742 3832 miracula
768 3761 850 3832 levia
876 3774 948 3832 runt
974 3773 1007 3832 et
1032 3761 1139 3832 mode·
1172 3763 1284 3855 perit
1312 3763 1456 3851 Denique
1485 3785 1526 3832 an
1551 3765 1617 3832 ullu
1642 3763 1800 3832 verisimili
1827 3759 1948 3824 ratione
2049 3837 2063 3864 θ

329 3893 333 3900 ·
362 3875 466 3983 rate,
477 3865 505 3940 ri
532 3887 602 3944 ιιιι
629 3866 731 3938 mania
756 3859 936 3947 Fastorum,
968 3865 998 3933 J.
1028 3865 1139 3932 (laesa-
1173 3866 1326 3954 genuinoa
1359 3874 1526 3935 clamemus
1557 3882 1685 3946 numos,
1719 3879 1850 3949 quorum
1883 3859 1947 3946 epi·

306 3971 315 3982 ·
361 3967 602 4054 nnAugueti,
630 3990 676 4036 ιι
707 3967 873 4054 praecipue
905 3967 959 4052 iia,
993 3984 1075 4056 quos
1106 3967 1140 4034 in
1173 3969 1291 4056 grapho
1315 3975 1378 4037 tam
1403 3967 1537 4052 graviter
1557 3965 1689 4052 linguae
1702 3961 1840 4028 Graecae
1858 3980 1947 4048 prae·

288 4083 294 4118 ²
361 3987 547 4156 Thlasauro
556 4053 918 4157 abominaremur.
964 4067 1141 4138 inhient
1174 4070 1273 4160 ceptis
1300 4067 1494 4144 adversatur,
1522 4070 1615 4150 cujus
1646 4083 1742 4149 supra
1770 4079 1828 4130 ex
1846 4061 1948 4131 obviis

362 4169 461 4238 nnita
492 4171 628 4259 asperus
661 4189 749 4254 veru,
788 4173 834 4240 sic
855 4169 1014 4259 pleraque
1045 4189 1138 4252 nova,
1172 4193 1271 4262 pauca
1306 4177 1424 4242 tantum
1466 4163 1608 4234 dedimus
1648 4163 1814 4280 exempla?
1856 4171 1949 4250 atque
2071 4169 2076 4184 “

211 4261 225 4278 “
362 4263 547 4355 incolentia,
589 4271 745 4357 maudita,
788 4282 982 4364 portentosa.
1034 4270 1310 4354 Seianianum
1329 4271 1430 4336 numia
1445 4250 1579 4355 Augusti
1597 4275 1629 4334 et
1649 4267 1844 4356 superiorum
1864 4265 1948 4352 prin·
2055 4293 2059 4298 ·

346 4375 393 4444 -ιὶ
422 4373 573 4460 lubet,
562 4365 697 4463 inspice
718 4384 824 4464 partes
857 4374 1003 4446 advertet
1031 4393 1140 4442 numo·
1173 4378 1277 4464 cipum
1307 4379 1434 4454 aetate,
1464 4379 1499 4438 ut
1521 4368 1766 4464 praetenditur,
1795 4366 1948 4456 riguntis,

333 4559 335 4564 Ι
364 4494 434 4564 rum
459 4475 490 4544 J.
509 4476 667 4629 ὓιιιιιιι,
692 4477 839 4567 Augusti,
866 4487 898 4546 et
924 4475 972 4548 M
998 4475 1140 4560 Antonii,
1173 4501 1249 4569 qua,
1279 4484 1329 4546 ιι
1334 4473 1526 4564 experientia
1552 4473 1661 4556 docet,
1688 4469 1878 4566 singularem
1894 4485 1948 4536 utt-
