4472 5472
728 486 731 495 .
799 364 1172 498 ιιοιιιιιοιιιιιιιι
1206 393 1519 524 unumunurn„

674 555 679 598 ,
855 546 858 554 ι
938 541 942 549 ·
1216 534 1241 606 ‘.
1435 535 1442 546 ·
1688 556 1689 566 ,

492 893 512 984 ,ζ
604 875 666 948 De
692 877 813 950 calore
838 841 1013 950 monetae
1039 887 1232 959 catanae,
1267 890 1302 949 et
1328 875 1472 950 mortui
1486 875 1674 976 principis.
1782 981 1786 988 ἡ

270 1083 273 1090 ’
346 1070 438 1164 Non
460 1094 577 1194 agimus
599 1093 662 1162 hoc
684 1094 814 1162 articulo
838 1097 878 1163 de
900 1105 1026 1169 moneta
1047 1115 1125 1162 non·
1162 1115 1225 1192 quo
1236 1096 1437 1164 Tithraustes
1459 1094 1557 1162 Persa
1578 1096 1718 1182 corrupit
1739 1075 1832 1163 urbes
1848 1097 1942 1167 Grac·

307 1255 310 1262 .
346 1200 504 1268 nullorum
539 1197 729 1286 populorum
764 1185 904 1285 privata,
939 1220 1028 1286 quae
1060 1220 1125 1264 mo·
1161 1218 1229 1279 cas,
1259 1205 1292 1263 ut
1316 1196 1493 1284 Agesilaum
1520 1217 1563 1262 ex
1578 1195 1661 1264 Asia
1687 1191 1990 1280 ειιιιιιιιοιιιιιιῡ).

288 1307 292 1314 “
345 1309 437 1370 neme
464 1303 569 1387 imago
596 1300 701 1389 potius
727 1298 800 1382 fuit,
835 1321 926 1388 quam
960 1321 1033 1366 vera
1060 1321 1126 1366 mo·
1160 1303 1225 1364 Aut
1252 1297 1366 1366 veluit
1374 1307 1500 1365 moneta
1527 1307 1675 1380 externa,
1720 1303 1780 1366 etsi
1812 1305 1879 1388 ειμι
1911 1300 1944 1365 in

219 1489 223 1496 .
283 1481 286 1498 ,
346 1413 434 1491 neta,
487 1399 588 1491 qualis
634 1401 692 1469 fuit
738 1401 838 1467 terrea
885 1404 1126 1496 Spartanorum,
1159 1398 1232 1465 foro
1256 1421 1363 1468 rerum
1390 1399 1545 1466 venalium
1575 1419 1655 1466 usus
1678 1421 1744 1468 non
1774 1413 1872 1484 esset,
1904 1399 1946 1468 ιιι

348 1500 492 1574 scortea
508 1503 825 1610 Carthaginiensium,
870 1513 998 1572 stannea
1031 1505 1127 1588 Syra·
1161 1492 1351 1569 faciliorem
1375 1502 1553 1569 commercii
1592 1521 1682 1570 usum
1715 1524 1784 1568 cum
1797 1501 1945 1592 populis

255 1647 263 1654 -
320 1601 550 1690 qusauorum,
584 1605 682 1672 aliave
710 1588 847 1672 alterius
860 1608 1022 1725 materiae,
1051 1629 1131 1726 quas
1161 1607 1291 1688 exteris,
1335 1581 1387 1674 eut
1420 1606 1454 1672 ιιι
1490 1603 1645 1692 stipendia
1684 1603 1945 1688 militum,cum

287 1703 289 1710 ’
348 1708 546 1806 mactavimus
572 1730 665 1796 supra
684 1730 758 1796 cap.
786 1704 843 1776 VI.
910 1711 955 1778 Hi
985 1710 1128 1778 nimirum
1162 1707 1239 1776 foris
1268 1707 1385 1800 bellum
1411 1707 1581 1796 gerendum
1606 1708 1680 1792 fuit,
1715 1718 1768 1775 aut
1801 1710 1829 1774 si
1860 1729 1943 1790 com·
2054 1697 2056 1702 ’

348 1809 447 1906 numi,
471 1819 540 1876 cum
562 1830 628 1879 non
649 1825 753 1879 essent
774 1816 841 1898 ejus
863 1813 1024 1896 materiae,
1050 1835 1129 1908 quae
1161 1785 1296 1892 meatus,
1341 1813 1440 1879 ιιιιιι
1466 1813 1566 1895 vitae,
1597 1821 1663 1878 aut
1695 1807 1772 1877 belli
1805 1809 1945 1879 subsidia

348 1933 390 1980 ex
417 1914 576 1996 communi
603 1899 660 1982 usu
693 1913 733 1982 od
760 1915 944 2004 signandam
973 1925 1129 1980 monetam
1162 1914 1240 1981 soris
1264 1914 1447 2001 quaerenda
1473 1914 1570 1980 suere.
1614 1913 1692 1980 Non
1719 1934 1802 2000 ergo
1822 1913 1944 2026 mirum,

331 2003 474 2099 'valuit,.
497 2015 628 2104 pretium
656 2017 815 2084 habebant
841 2017 966 2106 quidem
994 2038 1012 2081 a
1039 2037 1129 2103 repu·
1163 2015 1422 2108 Atheniensibus,
1466 2017 1525 2081 etsi
1550 2037 1657 2082 aurum
1684 2017 1768 2104 apud
1795 2018 1851 2084 eos
1879 2038 1946 2084 non
1985 2089 1987 2098 ¹
2019 2015 2021 2018 ’

348 2117 432 2196 blica
458 2119 703 2238 praescriptum,
739 2118 799 2186 sed
830 2119 917 2206 quod
949 2116 1011 2183 sibi
1041 2138 1129 2206 prae·
1163 2116 1273 2182 fuisset
1316 2117 1484 2202 signatum,
1528 2126 1656 2202 praesto
1688 2135 1816 2204 semper
1849 2117 1946 2188 fuisse
1973 2165 1977 2172 ι

349 2220 447 2284 scribi
473 2221 584 2307 populi
610 2222 720 2301 vicini,
764 2220 917 2308 liberique
948 2219 1035 2307 passi
1063 2239 1129 2286 nou
1164 2235 1276 2286 amoos
1308 2228 1437 2286 stateres
1471 2218 1620 2297 Daricos,
1665 2219 1840 2298 Cyzicenos
1872 2229 1944 2303 etc,
1997 2215 2003 2224 ’

232 2337 234 2344 ⁴
349 2317 430 2386 stat.
496 2320 626 2405 Agimus
653 2341 727 2406 ergo
755 2319 918 2387 hocloco
945 2331 1063 2387 tantum
1079 2307 1130 2386 de
1165 2342 1299 2410 quorum
1325 2341 1419 2408 saepe
1445 2319 1635 2389 mentionem
1662 2317 1735 2385 iacit
1756 2321 1945 2386 Demosthe·

346 2429 476 2487 moneta
502 2421 651 2510 triplicis,
689 2423 853 2512 usitatique
887 2423 1020 2507 metelli,
1053 2424 1130 2506 auri,
1164 2445 1236 2505 nes,
1270 2421 1419 2512 aliique,
1434 2421 1549 2512 quiquo
1579 2444 1599 2487 a
1626 2421 1784 2514 trapezitis
1812 2421 1943 2514 petiis·

349 2523 482 2620 argenti,
506 2524 597 2590 acris.
903 2537 905 2546 ’
1164 2524 1224 2590 cile
1251 2533 1405 2614 poterant.
1450 2525 1530 2590 Non
1549 2525 1642 2592 etiem
1667 2524 1794 2606 mirum,
1825 2549 1846 2592 a
1872 2525 1944 2592 Per·

435 2608 587 2693 Monetae
615 2636 762 2694 externae
788 2603 914 2695 aliunde
945 2623 1132 2719 quocunque
1165 2629 1209 2696 sis
1232 2629 1368 2724 Graecas
1397 2628 1536 2695 civitates
1564 2649 1659 2715 saepe
1685 2625 1799 2697 oblatis
1822 2623 1944 2694 Danais
1986 2631 2025 2715 j

317 2777 320 2808 ,
350 2727 448 2804 modo
476 2730 635 2800 invectae·
629 2733 747 2799 sarius
773 2731 833 2798 tuit
858 2755 941 2800 usus.
985 2732 1050 2799 Aut
1074 2731 1133 2799 fuit
1164 2725 1228 2816 legi
1249 2740 1445 2850 corruptas,
1447 2741 1505 2798 aut
1525 2752 1671 2797 corraeos
1693 2728 1790 2797 luisse
1811 2753 1831 2797 a
1852 2731 1951 2819 Spem

350 2833 462 2899 mercis
488 2833 580 2918 loco,
612 2855 692 2922 qua
701 2833 883 2928 conditione
909 2835 996 2904 fuere
1021 2835 1139 2903 Victo
1165 2833 1263 2917 tanis,
1283 2839 1327 2901 ut
1353 2836 1386 2901 iu
1412 2835 1525 2904 horum
1551 2843 1677 2901 moneta
1699 2831 1855 2918 dicemus,
1881 2855 1951 2900 orn·¹
1989 2925 1996 2936 '
2062 2915 2068 2923 .

249 2943 252 2952 '
350 2934 419 3002 riati
441 2958 481 3003 ex
504 2937 635 3021 Illyrico
659 2938 792 3006 Romam
815 2918 942 3008 aduecti
968 2947 1047 3007 teste
1070 2939 1130 3005 Pli-
1166 2937 1216 3004 nis
1255 2941 1416 3006 commatis
1448 2948 1560 3006 numos
1597 2959 1724 3017 aureos,
1769 2944 1946 3020 argenteos·

143 3051 146 3058 ’
236 3091 244 3113 ,
350 3039 460 3127 nio‘),
489 3051 581 3129 atque
608 3042 699 3107 etiam
729 3041 867 3128 Philippi
893 3042 991 3123 aurei,
1020 3040 1132 3105 aPhi·
1166 3057 1244 3126 que,
1272 3041 1385 3127 quibus
1406 3041 1467 3106 etsi
1489 3040 1576 3105 domi
1598 3039 1641 3104 uti
1663 3057 1728 3102 non
1749 3033 1946 3117 liceret,ta·

349 3132 438 3227 lippo
462 3140 643 3229 Macedone
672 3145 717 3206 sic
740 3141 833 3222 dicti,
864 3141 1031 3228 praecipue
1056 3147 1131 3220 tum,
1165 3160 1254 3220 men,
1299 3161 1340 3204 ex
1372 3156 1435 3228 quo
1464 3139 1615 3206 Graeciae
1646 3137 1852 3223 principatum
1884 3157 1945 3201 arn·

350 3261 421 3308 cum
448 3249 593 3305 monetae
622 3263 732 3306 aureae
754 3262 827 3307 usus
850 3241 990 3306 nondum
1011 3239 1133 3304 Romae
1166 3239 1285 3318 bivera,
1316 3239 1357 3304 ad
1382 3240 1458 3306 belli
1487 3247 1652 3336 apparatus
1675 3236 1899 3320 necessarios,
1914 3245 1946 3304 et

331 3339 464 3433 yvonis,
494 3361 626 3426 quorum
655 3342 736 3409 adeo
763 3351 880 3418 tantum
905 3341 964 3406 fuit
988 3339 1131 3428 pretium,
1166 3340 1384 3430 expeditiones
1427 3339 1539 3429 procul
1582 3362 1603 3406 a
1641 3339 1741 3428 petria
1783 3349 1945 3429 susceptas
1982 3333 1989 3356 ⁸

156 3467 185 3494 -ι
224 3423 264 3534 ’γ
351 3449 514 3558 quantum
522 3441 672 3536 valebant
698 3440 850 3541 pondere.
903 3425 1034 3510 Adde
1025 3460 1130 3527 mgen-
1166 3465 1246 3530 opus
1274 3442 1338 3508 ιιιιι.
1378 3441 1549 3510 Fecertmt
1574 3440 1635 3508 hae
1672 3463 1799 3524 causae,
1829 3451 1865 3510 ut
1890 3451 1946 3510 nui
2023 3523 2029 3535 ἱ

350 3552 414 3611 tem
440 3543 502 3610 vim
534 3563 697 3613 numorum
727 3545 926 3630 Oscensium,
962 3542 1237 3633 cistophorum
1275 3545 1409 3633 hospes,
1453 3545 1647 3635 praecipue
1663 3565 1732 3612 cum
1765 3566 1785 3609 a
1816 3545 1944 3616 metello

264 3693 268 3706 «
350 3666 435 3730 rum,
466 3637 660 3765 aliorumque
692 3659 835 3718 monetae
866 3650 1048 3738 peregrinae
1080 3647 1314 3720 sanabilius
1347 3649 1493 3733 accessit,
1535 3669 1600 3717 uon
1632 3648 1754 3714 miuore
1792 3658 1887 3714 esset
1911 3648 1944 3740 in

351 3748 390 3821 rii
404 3749 567 3832 nominis,
611 3773 703 3840 quam
734 3774 791 3842 per
816 3751 901 3820 bolla
931 3761 1060 3820 externe
1091 3757 1131 3818 ex
1165 3754 1304 3836 honore,-
1347 3774 1461 3841 quam
1482 3751 1535 3840 qui
1578 3760 1687 3824 natura
1720 3749 1861 3820 sinatis
1890 3753 1944 3846 jus
2029 3743 2034 3748 ’

305 3851 324 3926 .“
341 3851 476 3948 ,ιιοιιιιο
509 3864 629 3943 captam
663 3855 825 3944 praedae‘
830 3858 956 3923 nomine
983 3857 1129 3945 importa-
1163 3857 1312 3926 habuit
1965 3844 1972 3862 ‘

69 3947 71 3964 '
159 3964 175 3978 “
288 4016 291 4022 .
351 3965 413 4023 tam
444 3955 549 4024 multis
582 3955 662 4023 locis
693 3959 859 4028 meminere
893 3960 1019 4040 Livius,
1065 3957 1130 4026 alii·
1252 3961 1326 4038 Quo
1352 3919 1503 4044 tempore
1537 3954 1677 4022 cibitates
1710 3953 1775 4019 iere
1805 3951 1945 4038 singulae
2036 3939 2042 3950 ⁸

263 4130 267 4141 ,
300 4103 306 4118 ι
351 4079 434 4147 que,
455 4057 632 4127 subinde
622 4081 655 4126 ιιι
677 4071 833 4128 monetam
855 4063 986 4150 patriam
1006 4060 1131 4128 fusione
1164 4062 1324 4149 propriam
1373 4080 1487 4124 suem
1508 4055 1646 4122 habuere
1693 4063 1867 4137 monetam,
1914 4063 1946 4122 et

262 4175 264 4182 “
350 4158 609 4234 ιιιιιιιοιιιιιιιιι,
656 4161 775 4232 Marcis
801 4165 894 4230 etiam
921 4161 1049 4230 modum
1077 4164 1130 4227 ha·
1165 4164 1328 4229 exclusere
1371 4157 1526 4240 alienam,
1569 4178 1697 4223 necesso
1740 4156 1820 4241 fuit,
1862 4179 1945 4224 com·
2020 4237 2024 4242 ·

316 4291 320 4297 ·
351 4260 419 4331 buit
440 4267 604 4334 eurumh.
625 4265 751 4334 mleutis
780 4266 900 4354 argenti
927 4265 1129 4346 aestimatum,
1164 4261 1293 4343 mercia,
1338 4269 1372 4328 ut
1404 4260 1494 4342 olim,
1539 4258 1610 4374 sola
1641 4260 1789 4375 mercium
1825 4279 1945 4350 pcrmu·
2056 4331 2060 4340 ,

330 4516 334 4526 .
417 4481 492 4550 ιιι,
512 4481 667 4556 xxxmo
690 4491 728 4541 m.
830 4487 859 4556 ,ι
877 4460 1131 4557 ιιιοριζιιιιι.
1148 4483 1189 4537 ιιι
1206 4503 1232 4554 p.
1250 4501 1284 4535 m.
1301 4483 1360 4534 sm.
1447 4443 1453 4454 ’
