4432 5482
729 460 1234 620 'scamnnnrsz
1349 534 1353 542 ·
1665 513 1821 591 -·rra

225 682 344 752 Sirenis
377 677 609 766 Parthenopes,
652 673 729 744 ιιιιιιι
759 676 852 765 plane
866 733 868 736 .
881 695 1007 768 persua
1040 676 1082 744 ad
1103 677 1200 758 idern,
1238 685 1291 742 aut
1311 683 1395 742 certa
1416 674 1520 764 adfine
1539 687 1750 763 argumentum
1771 701 1818 746 re

226 784 298 852 deo.
344 784 471 854 Sirenes
493 783 618 872 quidem
640 779 761 850 inferne
783 779 950 858 deformes,
975 781 1008 843 in
1039 775 1200 843 ferendum
1233 799 1313 844 esse.
1361 777 1405 842 At
1428 788 1559 852 constat
1591 782 1698 864 etiam,
1736 782 1820 869 apud

7 941 9 944 .
90 969 94 974 Ι
225 888 389 954 volucrum
413 906 526 974 nempe
553 905 642 950 crura
673 883 865 962 desinentes,
916 879 1007 946 finxit
1040 879 1187 944 Terinam
1230 878 1355 944 alterius
1400 879 1519 945 Sirenis
1560 879 1675 965 Ligeae
1717 884 1818 972 sepul·

227 988 411 1076 antiquitas,
455 1011 492 1054 ac
518 975 619 1052 talis
616 1007 727 1070 revere,
746 981 905 1072 lingitur
896 1002 928 1046 ιιι
951 1002 1007 1046 nn·
1043 1000 1128 1050 orum
1149 980 1261 1060 luisse,
1301 999 1392 1074 quam
1414 981 1489 1045 mari
1511 982 1666 1064 haustam,
1707 994 1738 1051 et
1758 984 1820 1051 huc

168 1151 174 1158 .
228 1109 280 1156 mo
314 1090 455 1158 Petronii
465 1089 677 1192 Turpiliani,
722 1095 753 1152 nt
787 1105 852 1150 non
886 1084 1009 1168 negavit
1043 1077 1177 1147 delatam
1213 1088 1323 1146 nautae
1359 1081 1392 1144 in
1428 1082 1521 1148 litore
1557 1085 1743 1170 sepelirere,
1785 1097 1821 1154 nt
1850 1159 1854 1168 ,
1962 1067 1980 1154 ’.

228 1191 361 1258 formam
389 1165 522 1283 superne
550 1190 713 1268 decoram,
752 1207 831 1274 quae
842 1187 1007 1271 virginem
1043 1183 1159 1248 docent
1184 1183 1388 1270 Lycophron
1397 1189 1440 1264 ’),
1476 1183 1661 1268 Sotionem)
1700 1197 1731 1254 et
1747 1189 1819 1255 Ste-

106 1313 110 1320 ·
169 1365 172 1370 ,
232 1292 357 1372 deceat,
381 1304 414 1359 ut
435 1313 509 1359 sanc
525 1291 725 1378 Parthenope
747 1311 766 1354 a
786 1295 925 1372 virginee
941 1310 1009 1353 occe
1042 1285 1217 1374 phanus')
1288 1285 1367 1364 Quis
1410 1285 1503 1370 igitur
1545 1285 1706 1373 ambigat,
1750 1275 1824 1358 <lum
1913 1335 1916 1342 ·

232 1415 347 1461 nomen
369 1396 498 1462 abstulit
513 1403 544 1474 J
589 1393 681 1459 Hane
701 1391 922 1476 Parthenopen
942 1408 1008 1452 non
1016 1388 1201 1472 utriusque
1231 1385 1317 1452 urbis
1346 1388 1448 1472 capita
1480 1388 1521 1454 ad
1550 1409 1673 1456 omnem
1700 1391 1819 1479 apicem

230 1482 370 1583 ignobile
406 1507 549 1564 monetae
587 1502 797 1580 argumentum
839 1489 1007 1568 suffecisse,
1042 1488 1237 1602 conspirent,
1278 1497 1440 1575 utramque
1468 1499 1587 1558 veteres
1614 1510 1685 1559 suaa
1715 1491 1817 1561 heroi.

228 1615 295 1666 non
316 1608 379 1665 tem
401 1619 440 1665 ec
464 1598 571 1684 colligi
592 1603 709 1684 potest,
732 1591 911 1680 quodteste
924 1593 1008 1658 Stra·
1043 1589 1100 1654 das
1121 1589 1221 1654 numia
1243 1589 1430 1656 inseruisse?
1533 1597 1537 1608 “

220 1701 315 1768 bone
342 1705 409 1786 ejus
437 1699 576 1786 Neapoli
602 1705 834 1764 monumentum
864 1675 1007 1778 ostende·
1129 1689 1205 1756 Non
1235 1692 1431 1776 repugnabo,
1474 1696 1503 1758 si
1535 1696 1603 1782 quis
1631 1697 1717 1762 volet
1747 1719 1818 1766 ean·
1894 1689 1897 1696 ’

230 1801 335 1877 batur,
371 1823 461 1888 quam
483 1799 571 1888 quod
591 1798 698 1864 urba
689 1817 759 1883 rpsa
782 1796 821 1860 ab
843 1793 903 1858 hac
924 1793 1007 1856 Sire·
1043 1790 1113 1856 dem
1150 1791 1371 1879 Parthenopen
1413 1793 1507 1860 nd
1497 1817 1585 1882 ipsos
1629 1800 1719 1864 etiam
1759 1801 1819 1866 On-

230 1911 388 1968 navatus
414 1923 502 1968 suum
534 1921 648 1966 nornen
682 1897 791 1978 traxit,
836 1901 870 1959 ut
895 1892 1010 1958 diserte
1043 1913 1149 1958 mneos
1177 1903 1208 1958 et
1235 1895 1385 1964 Nolanos'
1402 1897 1594 1978 .,extendere
1631 1902 1818 1990 inquorum

142 2031 149 2039 ¹
230 2012 381 2070 testantur
411 2003 577 2087 Virgilius,
620 1998 758 2078 Plinius,
804 1995 935 2081 aliique,
979 2001 1011 2057 et
1044 1983 1170 2059 moneta
1203 1995 1301 2062 simile
1341 2008 1433 2082 caput
1471 1999 1622 2067 muliebre
1665 2002 1818 2072 diadema

232 2124 313 2192 quaa
332 2123 425 2168 causa
442 2103 524 2186 luit,
559 2119 615 2168 cur
636 2100 786 2180 Petronio
813 2095 947 2162 Arbitro
965 2089 1009 2158 dl·
1043 2107 1107 2162 tum
1137 2097 1284 2179 babetur,
1330 2100 1387 2164 etsi
1421 2102 1537 2181 norim,
1583 2083 1751 2193 plerosque
1781 2107 1817 2172 in
1949 2109 1952 2118 ’

232 2213 353 2272 ceretur
382 2210 517 2272 &renem
550 2201 699 2278 demur).
753 2197 915 2264 Praeclare
947 2195 1008 2262 buc
1044 2197 1229 2264 Cumanam
1233 2201 1333 2266 nemis
1356 2201 1518 2282 Sibyllam
1535 2203 1649 2272 videm.
1694 2197 1831 2274 Certum*

231 2307 342 2387 servit,
374 2306 462 2394 quod
489 2325 529 2372 en
550 2305 682 2370 Timaeo
703 2299 797 2367 refert
817 2301 951 2364 Tzetzes
965 2301 1007 2373 ¹):
1043 2305 1090 2364 est
1126 2323 1167 2365 ex
1203 2302 1416 2390 lycophronc
1438 2302 1479 2386 b),
1523 2305 1743 2395 Parthenopen
1779 2317 1839 2376 en‘

231 2407 403 2476 Dictimum
429 2405 667 2474 Atheniensium
704 2400 890 2468 nauarchum
927 2397 1009 2463 Nea·
1044 2401 1152 2466 Sicilie
1191 2407 1319 2486 ejectam
1355 2405 1496 2492 benigne
1531 2407 1627 2476 fuisse
1663 2421 1820 2500 acceptam
1953 2417 1958 2432 '

231 2509 321 2597 polin
348 2507 512 2597 appulsum
540 2527 582 2574 ex
609 2504 728 2573 oraculi
753 2505 873 2578 monitu
894 2497 1019 2566 sacrifi·
1042 2502 1126 2567 ab
1117 2502 1171 2580 ris,
1216 2505 1269 2589 qui
1293 2505 1408 2572 Glanin
1445 2531 1501 2574 seu
1524 2509 1665 2577 Clanium
1696 2513 1820 2580 flurium

232 2631 321 2678 casae
341 2610 556 2702 Parthenope,
588 2617 620 2674 et
640 2609 673 2672 ιιι
696 2610 761 2691 ejus
783 2605 938 2670 honorem
960 2619 1008 2665 ce·
1042 2601 1272 2682 adcolebant,
1293 2606 1373 2672 inter
1403 2627 1484 2696 qnos
1512 2609 1598 2676 farere
1624 2623 1656 2677 et
1683 2615 1822 2697 Cumaei,
1918 2625 1921 2640 ⁸
2017 2631 2019 2640 ’

232 2712 373 2778 lebraase
405 2729 527 2776 cursum
559 2695 749 2796 lampadum,
793 2704 880 2793 qnod
913 2711 1009 2768 certa
1042 2713 1073 2768 et
1106 2703 1223 2789 templo
1259 2707 1481 2795 sacrificiisque
1515 2711 1645 2790 cultam,
1689 2723 1722 2778 ct
1752 2717 1820 2802 ipse

233 2833 306 2879 rnen
333 2811 480 2898 deinceps
507 2829 642 2876 annuum
667 2810 765 2893 magis
786 2813 1009 2901 promoverunt
1042 2813 1265 2870 commentator
1307 2807 1440 2872 Tzetzes
1482 2807 1523 2873 ad
1572 2811 1655 2876 hune
1699 2837 1820 2882 versum

235 2913 515 3001 Neapolitanam
544 2911 655 2977 eodem
682 2907 904 2995 Lycophronis
934 2907 1008 2971 loco
1043 2905 1184 2990 subjicit:
1197 2907 1229 2971 Γ
1227 2909 1325 2983 λανις
1330 2911 1569 2996 ΠοταμοςΙτα)
1566 2913 1818 3000 terracmam,

193 3047 202 3064 ·
234 3013 341 3081 rider'e
363 3021 419 3079 est.
462 3011 516 3078 An
540 3033 616 3098 ergo
643 3010 839 3102 Parthenope
865 3008 1011 3076 nonfuit
1045 3012 1152 3075 Glem‘c
1173 3011 1291 3092 fluuius
1319 3009 1428 3076 Italiae
1463 3020 1492 3078 et
1519 3016 1685 3081 Cumarum.
1734 3017 1829 3094 Quin

103 3119 113 3138 ¹
234 3114 347 3233 dignus
378 3133 541 3180 numerum
567 3123 676 3203 typus,
721 3111 848 3199 quando
878 3112 953 3178 urbs
980 3109 1010 3174 ei
1043 3121 1075 3178 et
1108 3095 1222 3177 diserte
1257 3121 1408 3178 memorat
1444 3111 1654 3200 Philargyrius
1676 3119 1808 3198 ²),Gu

231 3218 294 3305 ipsi
319 3237 406 3284 suam
434 3213 541 3282 debuit
571 3211 828 3304 appellationem,
870 3216 936 3297 ejus
963 3235 1010 3278 se·
1044 3235 1150 3280 mneos
1184 3233 1272 3280 sacra
1305 3213 1518 3302 Parthenopes
1554 3234 1666 3303 magna
1695 3217 1820 3306 religie-

232 3319 343 3406 pulcrc
371 3317 576 3406 gloriabatur,
620 3327 652 3383 et
678 3317 806 3402 insuper
831 3329 953 3380 annuos
981 3313 1024 3378 ei'
1045 3337 1086 3381 ne
1113 3316 1296 3400 suscepisse.
1347 3316 1523 3384 Verisimile
1549 3319 1655 3404 igitur,
1690 3319 1881 3400 feminae
1923 3345 1931 3350 ·

233 3417 329 3483 ludos
360 3419 493 3504 peregit,
537 3439 691 3505 quamque
722 3425 883 3504 praeterea
907 3415 1013 3496 try-m
1045 3417 1137 3500 bujns
1166 3417 1280 3482 cultum
1309 3415 1391 3533 apud
1415 3419 1527 3485 Cumas
1557 3431 1672 3503 omum,
1709 3444 1822 3512 propa·

234 3517 340 3608 phren
362 3521 478 3582 οιωνον
500 3521 602 3595 baeu,
637 3521 782 3585 romeam
806 3523 904 3597 deam,
939 3513 1013 3582 teni·
1047 3526 1149 3606 gatum
1187 3515 1343 3583 deinde
1332 3537 1366 3582 rn
1402 3509 1519 3587 barem
1543 3523 1699 3591 coloniam
1740 3527 1822 3595 Nea·
1892 3514 1898 3533 ⁸
1935 3519 1946 3531 ”

234 3620 308 3714 plo,
344 3615 561 3698 libationibus,
596 3615 692 3692 boum
714 3617 901 3684 sacrificiis
893 3637 925 3682 ιιι
950 3609 1017 3680 hoe
1046 3617 1151 3706 polin,
1188 3628 1220 3682 et
1241 3615 1325 3682 haud
1347 3617 1442 3686 dubie
1464 3625 1555 3688 etiem
1577 3623 1710 3708 Nolam,
1743 3649 1823 3715 qnae

209 3729 333 3789 'macru
359 3719 545 3784 honoratam
575 3717 670 3783 reiert
681 3719 726 3796 ἰι
767 3719 812 3784 Aa
837 3733 891 3788 car
917 3718 1014 3804 potis·
1048 3717 1216 3786 secundum
1263 3717 1433 3806 plerosque
1481 3726 1712 3810 consanguinea
1755 3749 1823 3794 cnm

234 3823 346 3890 simum
375 3819 498 3888 credam
525 3833 595 3885 esse
621 3819 739 3884 Sirenis
769 3828 874 3905 caput,
910 3827 1015 3886 moret
1049 3819 1160 3896 Cumis
1181 3817 1245 3884 brit.
1275 3818 1386 3905 ¹Atque
1408 3821 1518 3888 borum
1542 3820 1656 3890 deinde
1675 3829 1824 3914 exemplo

234 3929 284 3991 me
306 3919 501 4004 ‘eoncordia
543 3939 707 3986 nnmerum
749 3921 884 3986 Terinee
922 3920 1014 3986 Brut·
1047 3922 1163 3988 Terina
1192 3918 1304 3986 eodem
1335 3919 1427 3986 luerit
1452 3931 1531 4007 typo
1560 3943 1631 4008 usa,
1676 3927 1733 4017 sad
1760 3951 1823 4018 quo

235 4026 305 4092 tire.
354 4025 392 4091 In
423 4021 472 4088 nn
508 4030 601 4108 caput
631 4020 784 4088 muliebre
813 4020 894 4086 adeo
930 4023 1015 4086 omni
1048 4023 1180 4090 Sirenem
1201 4039 1287 4086 suam
1310 4020 1435 4105 Ligeam
1449 4021 1673 4108 'significarent

236 4125 320 4192 cultu
340 4125 441 4192 simile
462 4135 510 4190 cst
530 4123 593 4206 illi,
622 4122 711 4212 quod
732 4121 1013 4214 Neapolitaniex·
1133 4123 1184 4191 De
1208 4133 1298 4189 tauro
1320 4123 1418 4211 partia
1445 4140 1585 4208 armare,
1625 4127 1685 4216 ·qnl
1712 4129 1823 4198 obvius

229 4215 354 4306 hibent,
388 4235 423 4291 ut
446 4223 581 4292 dubitari
607 4237 676 4292 hon
699 4226 815 4314 possit,
851 4233 1017 4312 utrumque
1047 4235 1096 4291 cst
1137 4226 1172 4292 in
1208 4225 1488 4314 Neapolitanorum
1522 4239 1669 4328 monete,
1718 4241 1825 4320 agatm
1916 4235 1918 4240 '
1953 4271 1957 4279 ·
2024 4221 2028 4232 '

304 4457 330 4523 ι)
348 4445 434 4510 Tacta.
452 4459 484 4512 ad
503 4459 630 4532 Lycopbr.
646 4480 672 4511 r.
688 4461 747 4514 722.
819 4456 845 4526 t)
863 4459 916 4513 Sat.
934 4477 956 4512 e·
975 4461 1000 4512 5.
1068 4458 1098 4525 a)
1117 4461 1149 4514 ad
1166 4461 1295 4532 Lycophr.
1315 4463 1414 4518 ι.-7.ι2.
1482 4460 1510 4526 ι)
1529 4483 1551 4514 ι.
1570 4463 1628 4518 718.
1646 4421 1710 4533 seq..

181 4601 186 4610 ,
260 4541 334 4614 'yl
352 4563 377 4596 v.
395 4538 523 4612 ilburg.
592 4541 618 4608 ι)
637 4539 699 4610 Gap.
718 4547 740 4596 8.
811 4541 839 4604 a)
856 4545 906 4596 rub
925 4539 1034 4594 Mac.
1103 4543 1135 4606 b)
1153 4564 1175 4598 r.
1193 4545 1253 4601 717.
1321 4542 1350 4611 e)
1368 4545 1399 4598 ad
1417 4545 1483 4611 vtae
1502 4545 1593 4611 Gaerg.
1611 4547 1653 4622 ll'·
1670 4539 1730 4602 56i.
1847 4575 1850 4582 ·

265 4639 390 4708 (aar.)
822 4627 824 4632 '
960 4619 963 4628 ’
1205 4657 1209 4666 ’
1370 4632 1372 4640 ’
1603 4644 1629 4714 ι
