4438 5462
456 1163 1092 1422 reoiueonenu
1118 1235 1625 1434 ιιιιιιιιιιιιι.

803 1681 1281 1816 curvet.

585 1910 626 1978 V
625 1907 784 1982 arabeta
810 1925 982 1983 monetur
1007 1913 1218 2009 ingeneret,
1243 1887 1391 2008 ejusque
1417 1907 1503 2006 typi.

244 2077 408 2204 Veteres
436 2158 477 2203 ex
505 2140 591 2204 vario
620 2137 749 2206 metallo
777 2139 934 2228 reliquias,
970 2143 1025 2206 im·
1059 2147 1172 2204 xerunt
1200 2135 1367 2230 cippuprou,
1397 2134 1469 2219 quie
1489 2132 1622 2199 florente
1643 2150 1751 2198 eorum
1772 2149 1836 2216 rep.

243 2240 361 2327 pressis
397 2241 579 2306 auctoritate
619 2233 747 2336 publica
787 2243 883 2328 signis
920 2237 1024 2322 variis,
1059 2261 1100 2306 ex
1127 2240 1197 2326 lege
1224 2237 1382 2304 ordinaria
1408 2235 1494 2302 numi
1520 2233 1589 2314 alii,
1616 2253 1708 2320 quem
1729 2251 1837 2318 argen-

243 2352 297 2408 aut
322 2341 438 2410 valoris
465 2341 653 2428 ponder-isse
680 2343 779 2422 notis,
815 2355 849 2410 ut
876 2343 1026 2410 servirent
1058 2343 1116 2422 tei,
1152 2343 1265 2426 signati
1290 2359 1356 2404 non
1383 2347 1470 2417 sunt,
1502 2344 1537 2400 ut
1569 2333 1722 2406 dicetur
1713 2353 1746 2398 ιιι
1771 2337 1837 2418 ejus
1872 2365 1875 2378 ν

245 2443 321 2510 olim
360 2442 485 2530 quidem
522 2465 624 2511 rerum
662 2445 904 2530 emptioni,et
927 2464 1023 2514 oom-
1057 2441 1169 2530 populi
1204 2451 1337 2524 moneta.
1393 2439 1447 2504 Sic
1481 2438 1637 2504 Isocrates
1669 2456 1763 2522 agam
1798 2433 1839 2500 de

244 2546 428 2612 merciorum
456 2544 646 2628 commodis,
680 2555 712 2612 ct
740 2566 823 2612 nunc
850 2567 891 2612 ex
924 2556 1024 2613 terrac
1058 2545 1283 2632 Spartanorum
1313 2542 1417 2630 pueris
1454 2542 1487 2605 in
1514 2537 1597 2620 furto
1627 2537 1838 2631 „deprehensis
1956 2543 1959 2551 “

172 2665 180 2674 ·
246 2645 316 2712 sinu
348 2641 523 2711 incredibili
555 2667 684 2714 numero
716 2651 894 2734 protractae
913 2643 1023 2714 ¹hona'-
1058 2647 1109 2728 ait,
1133 2656 1276 2712 costum
1306 2641 1464 2732 ἀργυριοιι
1492 2638 1658 2706 erusteus
1684 2661 1740 2702 και
1760 2640 1836 2717 πλη-

246 2747 407 2836 cissimis
431 2745 627 2832 philologiae
667 2748 794 2835 studiis,
845 2751 956 2816 Gracci
991 2750 1024 2814 in
1057 2771 1120 2833 γας
1146 2748 1344 2832 locustarum,
1366 2748 1523 2828 perunum
1550 2745 1686 2826 edente,
1710 2739 1835 2854 etpia-

248 2864 362 2932 genere
383 2845 491 2910 dixere
520 2846 691 2930 ἀργυριον,
721 2849 890 2932 perpauci,
917 2873 1024 2933 νομις-
1057 2871 1118 2933 goe
1138 2855 1326 2934 aromate),
1354 2866 1417 2931 quo
1440 2865 1515 2910 sane
1536 2842 1611 2908 loco
1633 2860 1759 2908 nomme
1780 2837 1837 2922 elp-

179 2997 192 3022 ,
247 2969 355 3029 ματα,
386 2945 489 3011 Latini
519 2953 687 3029 ρωιιιιιιιιι,
722 2962 878 3028 ιιιοιιιιαιιι,
911 2972 1024 3032 nunna,
1057 2975 1172 3037 yvprcv
1193 2948 1366 3032 intelligere
1392 2966 1458 3012 non
1482 2944 1584 3050 potuit
1611 2950 1766 3006 monetam
1788 2959 1861 3004 arv

245 3055 429 3116 numisma.
826 3066 829 3080 ·
890 3097 899 3112 .
1034 3062 1198 3139 genteam
1226 3073 1267 3116 ex
1297 3057 1435 3116 veterum
1468 3044 1643 3123 consensu,
1678 3061 1715 3106 ec
1730 3050 1835 3126 prae

328 3150 510 3264 Apyupror,
531 3148 656 3216 ductum
679 3149 762 3216 ab'
741 3173 893 3235 αργυρος,
917 3173 1023 3236 argen-
1057 3158 1147 3242 cipne
1173 3154 1320 3221 Isocratis
1348 3150 1449 3216 adhuc
1476 3153 1591 3224 aetate,
1626 3145 1706 3208 inter
1742 3141 1835 3257 Spar·
1911 3186 1914 3190 -

243 3264 319 3332 tum,
355 3271 396 3316 cx
425 3249 559 3320 nominis
592 3250 716 3339 quidem
749 3254 880 3320 notiom
917 3275 1027 3341 argen
1059 3267 1150 3324 tanos
1179 3257 1321 3340 ιιιιιιιιι,
1365 3251 1423 3319 scd
1464 3245 1631 3341 generatim
1673 3244 1836 3330 pecuniam

243 3362 323 3418 team
354 3360 471 3418 tantum
505 3354 668 3440 pecuniam
700 3355 869 3440 significat,
907 3365 940 3420 at
971 3377 1022 3422 vc·
1058 3363 1268 3446 cujuscunque
1315 3351 1441 3425 metalli
1466 3348 1611 3421 Eodem
1659 3345 1755 3412 modo
1806 3355 1837 3411 et

243 3449 302 3518 luit
341 3455 434 3518 etiam
472 3453 511 3520 ad
548 3455 778 3545 significandam
813 3459 862 3541 cuj
847 3477 1024 3545 Jusounque
1056 3461 1161 3528 Latini
1190 3480 1283 3546 saepe
1312 3457 1461 3523 dixerunt
1499 3461 1658 3540 argentum
1688 3469 1748 3536 pro
1782 3468 1835 3534 pe·

246 3551 371 3620 alterius
413 3553 549 3618 metalli
569 3558 755 3641 pecuniam,
799 3557 885 3624 haud
929 3557 1024 3625 dubie
1056 3555 1164 3644 cunia,
1199 3561 1257 3627 etsi
1278 3568 1309 3625 et
1332 3579 1469 3644 χρυσιον
1499 3577 1607 3623 aunem
1621 3571 1697 3618 non
1724 3570 1836 3618 raros

245 3651 334 3740 quod
367 3653 577 3741 antiquissima
608 3658 691 3744 apud
725 3657 863 3726 Graecos
897 3671 1023 3728 moneta
1058 3664 1186 3732 Graecis
1217 3660 1398 3747 Latinisque
1429 3658 1470 3725 ad
1502 3680 1570 3725 eam
1602 3651 1835 3760 significandam

113 3789 119 3796 ·
243 3775 284 3820 ex
314 3757 444 3840 argentb
475 3753 547 3838 fuit,
583 3753 617 3822 'et
645 3760 703 3825 etsi
736 3760 865 3827 uelimus
899 3783 1022 3828 auream
1055 3768 1096 3832 sit
1122 3764 1325 3832 adlnbitnm.

223 3851 296 3930 ‘illi
317 3877 465 3926 coaevam
496 3865 646 3940 statuere,
685 3869 789 3928 tamen
820 3860 897 3928 haee
923 3866 1023 3932 rarior
1143 3869 1309 3956 Χρηματα
1330 3862 1457 3950 proprie
1478 3866 1551 3926 sunt
1572 3855 1657 3922 bona
1679 3851 1783 3916 omnia
1804 3858 1836 3914 et

242 3959 314 4042 fulb
343 3961 415 4048 ‘lull
440 3959 625 4047 Ρῐθῖῑθδῑῡῐι
659 3970 691 4027 el
719 3984 738 4027 ὃ
764 3963 871 4050 Paucis
905 3973 1020 4044 nrum
1054 3966 1230 4048 facultates,
1279 3986 1358 4054 quae
1406 3966 1526 4033 beatam
1574 3952 1698 4024 homini·
1740 3950 1835 4045 vitatu

242 4009 372 4130 urbibus
403 4061 530 4148 signata
581 4063 673 4132 Certe
703 4061 929 4152 Athenienses,
968 4072 1021 4156 qui
1054 4076 1251 4168 praestent,
1265 4065 1353 4155 quod
1388 4063 1502 4132 deinde
1535 4053 1722 4127 vocabulum
1760 4030 1836 4141 post

242 4161 365 4248 linguae
401 4164 538 4232 Graecae
575 4163 660 4232 velut
699 4166 825 4255 quidam
860 4169 946 4238 fuere
976 4171 1019 4239 le·
1054 4172 1253 4238 constitutum
1278 4166 1441 4256 pecuniae
1465 4184 1554 4230 usum
1589 4159 1630 4228 ad
1661 4155 1834 4246 significan-

244 4262 427 4348 8¹⁸¹²l010⁸2
476 4267 639 4353 pecuniam
683 4291 806 4336 omnem
849 4283 934 4340 recte
973 4273 1018 4339 di
1054 4271 1114 4338 dos
1154 4273 1245 4338 etiam
1281 4291 1393 4337 numos
1430 4264 1611 4332 translatum
1647 4261 1720 4346 fuit,
1764 4255 1836 4346 quia

287 4495 368 4562 ··.)
358 4519 385 4552 1„
406 4498 599 4559 resecem..
874 4537 878 4544 -

275 4595 349 4660 (ιιι.
367 4598 407 4666 ι.)
606 4668 611 4680 ,
820 4633 824 4640 -
902 4615 905 4620 ·
1302 4664 1303 4677 ι
1408 4625 1434 4698 χ
1605 4598 1625 4641 ⁸
