4438 5462
796 484 1237 554 PJ'RAEFATIO.

186 621 333 780 idque'
364 629 500 776 pridem
532 667 715 748 consilium
749 671 886 745 secutos
919 663 1160 760 Vaillantinm,
1197 635 1437 798 Harduinum,
1471 668 1646 776 aliosque.
1694 675 1811 793 Atque

152 945 155 952 ‚
194 813 315 922 'haec
341 840 386 920 ds
411 839 563 924 universi
588 837 704 942 operis
729 835 877 929 ordine,
895 837 1077 939 causisque
1103 834 1193 915 dicta
1218 791 1441 932 sufficiant·

327 1179 493 1250 ceterum
511 1171 550 1276 'si¹
572 1170 656 1273 quis·
675 1169 866 1261 mirabitur,
893 1169 954 1272 qui
979 1127 1121 1266 lactum,
1143 1194 1186 1254 ut
1209 1203 1317 1264 nemo
1341 1175 1408 1280 hac
1424 1189 1540 1247 nostra
1556 1183 1666 1246 aetate
1684 1165 1728 1243 ad
1745 1166 1813 1242 ela·

227 1339 426 1420 horandum
457 1329 576 1418 'similis
606 1357 750 1416 naturae
785 1367 892 1442 opus,
924 1356 996 1414 tarn
1021 1341 1135 1443 palam
1161 1339 1232 1419 non
1259 1342 1343 1459 utile
1370 1335 1492 1429 modo,
1517 1335 1578 1414 sed
1605 1354 1640 1412 et
1664 1335 1812 1412 maxime
1867 1325 1872 1338 ’

159 1559 163 1568 ·
227 1508 474 1595 necessarium,
501 1505 692 1610 appelleret
717 1507 894 1596 animum,
918 1517 1004 1580 ιιιιιιιΙ
1026 1537 1098 1582 ιιοιι
1126 1469 1287 1598 deessent
1294 1509 1373 1583 ‘viri
1400 1507 1542 1598 summi,
1569 1529 1722 1610 qnorum
1747 1527 1812 1602 ego
1840 1566 1845 1576 ,
1890 1537 1902 1556 =

229 1693 264 1752 et
286 1701 448 1754 revereor
472 1653 708 1794 eicellentiam
725 1692 792 1764 „et
815 1671 966 1776 adsurgo
992 1676 1204 1763 auctoritati,
1228 1678 1276 1767 is,
1299 1703 1449 1778 quaeso,
1473 1665 1655 1776 intelligat,
1681 1688 1812 1746 temere
1862 1729 1871 1740 .

227 1871 247 1918 a
271 1843 347 1918 viro
373 1837 626 1942 cujuscunque
641 1797 870 1942 praestantiae
895 1815 1018 1916 tentari
1044 1842 1159 1945 operis
1184 1859 1255 1916 tam
1280 1844 1365 1920 vasti
1391 1843 1561 1932 laborem,
1585 1838 1650 1914 nisi
1676 1809 1814 1941 praesto

227 2011 271 2086 sit
298 2009 444 2084 eximius
468 2035 657 2084 numerum
683 2022 887 2110 apparatus,¹
903 2007 1077 2108 praeclara
1103 2009 1272 2086 librorum
1299 2013 1407 2086 nostri
1433 1983 1626 2111 argumenti
1651 2003 1815 2108 supellex,
1853 2105 1861 2119 ,

226 2173 386 2277 denique
406 2190 441 2250 et
465 2173 586 2274 otium.
635 2172 735 2249 Absit
760 2175 924 2277 primum,
950 2203 1090 2252 necesse
1117 2179 1182 2254 erit
1204 2169 1578 2276 nitiauctoritatibus,¹
1591 2201 1683 2277 quae
1707 2197 1813 2292 quam
1907 2194 1910 2202 ·

191 2345 294 2419 ‘sint
325 2341 478 2431 fallaces,
502 2338 674 2422 novimus.
727 2340 828 2418 Absit
860 2341 1028 2434 alterum,
1060 2339 1265 2422 adhaerebit
1294 2347 1337 2422 ad
1372 2345 1505 2450 singula
1531 2345 1607 2420 sere
1632 2339 1755 2434 verba,
1781 2354 1815 2411 et
1854 2351 1890 2457 ’μ
1980 2444 1985 2453 ἱ

227 2510 427 2588 enecabitur
456 2485 587 2616 taedio,
618 2538 675 2598 ea,
700 2536 792 2613 quae
827 2538 918 2616 opus
952 2510 1049 2602 sunt,
1075 2541 1116 2588 ex
1149 2515 1267 2592 alienis
1293 2499 1508 2603 scriniis,'et
1534 2537 1637 2613 saepe
1662 2504 1813 2582 multum
1927 2510 1931 2522 '

211 2675 432 2775 ,distantibus
452 2675 606 2778 petendi.
638 2677 805 2780 Denique
837 2677 866 2751 si
891 2679 1039 2781 negotiis
1065 2660 1145 2768 aliis,
1172 2713 1213 2760 ac
1232 2685 1428 2788 praecipue
1448 2682 1491 2756 ab
1518 2685 1723 2782 argumento
1749 2697 1814 2746 suo
1888 2658 1891 2667 ¹

193 2891 196 2898 ·
230 2817 364 2928 alienis,
396 2841 622 2929 distrahetur,
652 2870 725 2944 quo
759 2861 861 2943 pacto
891 2853 1053 2928 materiae
1071 2868 1149 2938 ,tarn
1170 2839 1250 2928 'late
1276 2851 1424 2953 patentis
1458 2847 1585 2949 poterit
1609 2840 1813 2940 investigare

227 3035 365 3098 causas,
389 3005 597 3108 conquirere
623 3035 663 3082 er
685 3007 770 3084 locis
796 3010 945 3090 dirersis'
963 3015 1315 3122 disjunctissimisque'
1329 3016 1501 3122 infinitam
1526 3033 1715 3086 nummum
1739 3029 1814 3078 mo-

719 3137 723 3144 .
795 3130 809 3154 ,
1493 3137 1496 3142 .

223 3170 303 3263 lem,
328 3155 405 3261 eoi,
429 3169 515 3248 dum
540 3173 666 3263 scribit,
691 3177 808 3266 animo
834 3210 975 3286 semper
999 3161 1129 3263 habere
1155 3173 1363 3292 praesentes,
1388 3200 1423 3258 et
1447 3181 1552 3284 longa
1577 3174 1812 3256 meditatione,

225 3371 315 3446 quae
340 3337 549 3418 diverticulis
573 3339 711 3418 inimica
738 3357 807 3436 est‘,
831 3377 955 3426 eorum
981 3354 1164 3430 conciliare
1190 3353 1337 3441 dissidia,
1362 3369 1397 3428 et
1422 3381 1462 3426 ex
1486 3350 1528 3426 iis
1554 3346 1697 3434 elicere,
1713 3337 1815 3444 qnid·

144 3582 150 3598 ,
224 3471 346 3610 quid
336 3535 373 3644 tp
399 3535 646 3612 quamcunque
671 3473 824 3613 partem
831 3531 947 3616 potest
971 3519 1153 3594 utilitatem
1180 3537 1364 3648 praestare.
1426 3519 1526 3614 Quae
1550 3512 1693 3618 quidem
1719 3503 1817 3584 εοιιι
1872 3603 1884 3614 ,
1945 3503 1996 3528 ‘¹

222 3671 328 3752 11ῡᾶ6
361 3701 444 3750 cum
468 3701 547 3778 11110
572 3705 633 3752 um
660 3677 905 3782 etdemque
870 3711 965 3762 vtro
961 3684 1101 3762 eodem
1126 3705 1285 3791 tempore
1308 3716 1328 3760 a
1353 3686 1494 3764 fortuna
1520 3684 1587 3758 sint
1612 3681 1707 3765 data,
1738 3703 1811 3750 non

223 3842 440 3936 mirabimur,
470 3808 649 3920 absterrita
681 3845 737 3918 his
759 3846 1035 3976 incommodis
1023 3855 1163 3958 ingenia
1189 3853 1232 3930 ad
1259 3851 1395 3930 diversa
1420 3850 1614 3928 studiorum
1641 3838 1811 3919 curricula

223 4003 421 4130 declinasse.
473 4011 521 4084 At
545 4037 630 4088 vero
656 4026 726 4086 tam
754 3969 945 4149 praeclaras
971 4022 1249 4142 opportunitates
1274 4039 1356 4096 c'um
1382 4049 1453 4096 non
1480 4013 1623 4094 modo
1612 4039 1648 4086 ιιι
1667 4037 1724 4088 me
1742 4007 1811 4084 col·
1931 4016 1943 4104 j

222 4170 307 4248 latas
331 4199 492 4250 meorum
517 4176 627 4276 gratia
651 4179 851 4282 principum
877 4182 1050 4278 riderem,
1078 4186 1140 4263 sed
1166 4205 1202 4262 et
1226 4217 1305 4292 spes
1331 4203 1435 4275 esset,
1460 4187 1540 4260 sore·
1564 4200 1735 4268 aeternas,
1760 4179 1813 4255 in·
1848 4167 1856 4182 ⁸
1929 4265 1936 4272 ‚

223 4335 367 4440 dignum
394 4331 577 4441 putabam,
609 4345 638 4418 si
652 4344 890 4426 detrectarem
913 4349 1068 4447 laborem
1097 4308 1410 4468 quantumcunpue
1435 4341 1575 4447 vastum,
1599 4380 1640 4426 ac
1665 4341 1811 4448 impedi·
1847 4449 1850 4459 Ι

221 4519 456 4608 tumorque
481 4506 597 4586 oblata
622 4511 710 4630 haec
734 4514 903 4609 subsidia,
924 4528 1122 4626 omnesque
1148 4551 1244 4600 meas
1269 4525 1375 4612 vires,
1401 4541 1436 4599 et
1458 4523 1485 4600 si
1512 4517 1597 4621 quid
1622 4519 1658 4592 in
1685 4541 1742 4590 me
1759 4528 1811 4590 est
