4472 5472
374 451 475 570 im.
559 463 562 470 ’
740 517 745 524 -
825 453 1198 585 unocueomsnr
1228 443 1515 566 annuarum.
1955 595 1958 598 Ι

381 653 656 738 ΤΕΤΡΑΚΙΣ.,
678 658 806 722 coen&
831 662 963 735 mima,
996 653 1049 722 uel
1068 659 1156 741 quar'·
1189 652 1231 753 ad
1264 655 1392 722 maritos
1418 647 1549 722 'nutum
1589 603 1793 742 imperatores
1828 655 1973 743 pertinet,

374 767 447 825 tum.
510 755 550 824 In
583 757 683 828 numia
715 755 901 824 Hostilinni:
952 756 992 825 C.
1007 811 1015 818 .
1029 757 1157 826 ovar„
1191 758 1376 839 autetiam,
1416 755 1559 845 quando,
1599 777 1679 845 quae
1708 777 1817 824 auersa
1843 768 1891 826 est
1918 781 1972 846 pa·

378 857 519 926 osum.
540 858 642 926 uuus,
665 844 888 928 c'ovrnuvs
914 880 973 948 pro
1002 861 1036 928 o.
1058 860 1157 928 vnn.
1191 860 1267 942 tris,
1302 860 1447 928 tribuitur
1472 861 1558 942 ano,
1572 867 1627 958 ¹,er
1658 857 1810 940 unnim,
1851 862 1975 928 amens

377 959 550 1028 HOS'I'IL
585 958 688 1027 MES.
727 961 922 1041 QVINTVS
951 964 1050 1049 arguit
1077 963 1156 1033 soal·
1189 960 1276 1028 fuere
1311 972 1467 1051 tempora,
1517 983 1607 1051 ‘quae
1622 1025 1626 1034 ,
1643 963 1836 1028 monetarios
1870 962 1975 1048 palam

249 1126 254 1134 ,
378 1070 503 1150 plorem
548 1062 700 1149 Graecum
747 1063 992 1151 orthographiae
1032 1065 1162 1138 Latinae
1194 1052 1395 1147 absolvunt3'
1419 1085 1491 1132 nam
1529 1073 1645 1131 certum
1678 1073 1741 1146 est,
1782 1064 1816 1128 in
1849 1073 1975 1131 moneta

376 1163 495 1230 rudem.
540 1163 633 1232 Adde
655 1166 801 1234 numulos
823 1176 987 1252 argenteos
1007 1167 1159 1247 Gallicos,
1193 1165 1337 1232 Romana
1371 1182 1441 1233 cum
1473 1163 1634 1254 Philippo'
1661 1165 1730 1232 filio
1769 1167 1975 1234 communica·

250 1269 257 1278 “
376 1283 490 1332 numos
516 1266 687 1350 ,coloniae
728 1269 906 1337 Laodiceae
948 1269 1075 1362 Syriae,
1129 1279 1162 1336 et
1193 1275 1241 1332 tas
1267 1267 1365 1334 iuuisse
1384 1277 1489 1354 partes
1510 1289 1652 1350 aversas,
1686 1289 1765 1355 quae
1786 1268 1855 1335 sine
1877 1268 1974 1337 dubio

377 1368 494 1455 passim
514 1367 617 1452 salios.
632 1368 815 1438 declinantis
842 1371 964 1458 imperii
990 1372 1094 1439 mixtis
1123 1371 1159 1435 li·
1193 1377 1266 1436 aunt
1286 1369 1397 1458 patris,
1431 1379 1466 1435 ut
1491 1369 1578 1435 olim¹
1595 1369 1815 1464 probabimus,
1852 1373 1886 1436 in
1908 1394 1974 1440 mo·

111 1509 133 1572 .'
376 1470 451 1538 teris
474 1463 619 1555 Graecis,
640 1473 821 1562 Latinisque
844 1472 1010 1543 deformes.
1101 1537 1104 1542 ,
1193 1480 1267 1536 neta
1298 1491 1374 1538 uero
1411 1470 1598 1538 Antiochiae
1629 1472 1741 1555 Syriae
1772 1467 1900 1541 obvium
1927 1484 1976 1541 est

463 1569 566 1653 Etiam
592 1577 701 1642 aetatis
724 1576 935 1664 consuetudo,
970 1596 1049 1662 quae
1069 1597 1088 1639 a
1108 1595 1158 1640 ue
1193 1570 1316 1653 videre
1331 1574 1444 1640 numos
1467 1572 1621 1664 Otaciliae
1653 1582 1684 1640 et
1703 1572 1907 1656 Etruscillae,
1941 1576 1975 1639 in

377 1675 607 1742 tereinstituto
636 1675 794 1760 discessit,
815 1685 855 1744 et
881 1677 922 1744 ad
949 1697 1064 1743 novam
1086 1677 1159 1769 scri·
1194 1689 1327 1762 quorum
1354 1675 1476 1762 postiba
1499 1674 1585 1760 legas
1612 1674 1684 1740 nib.
1703 1682 1906 1762 potestatem,
1944 1685 1976 1741 et

378 1774 475 1844 bendi
501 1776 603 1862 legem
636 1774 779 1860 deflexit,
815 1800 881 1845 nou
912 1801 991 1872 rarov
1017 1778 1161 1845 absolvet
1195 1763 1390 1861 consulatus,
1413 1778 1593 1844 maritorum
1608 1785 1720 1864 nempe
1741 1776 1861 1843 titulos.
1899 1775 1975 1842 Poc-

379 1877 576 1964 scalptorem.
636 1881 693 1946 Sic
728 1882 926 1961 RAEDVX,
956 1879 1162 1962 'PIAETAS,
1195 1889 1295 1946 catum
1322 1881 1395 1946 item
1423 1901 1442 1946 a
1473 1879 1668 1960 monetariis,
1701 1877 1828 1965 quando
1856 1877 1891 1944 in
1912 1898 1976 1945 uno

379 1973 695 2066 BAEATISSIMO,
727 1993 852 2065 contra,
885 1983 1040 2062 GESAR‚
1073 1984 1160 2050 REI·
1194 2003 1297 2049 numo
1318 1961 1395 2048 duas
1423 1981 1528 2070 partes
1560 1981 1676 2048 anticas
1711 1979 1851 2070 ejuusdem
1882 1981 1977 2070 impe·
2057 1993 2063 1998 '

320 2137 328 2146 .
376 2079 566 2150 *PVBLICE
601 2085 761 2174 paullatim
796 2108 866 2153 sese
903 2085 1050 2154 inferiore
1081 2106 1159 2150 aevo
1193 2084 1290 2150 rande
1322 2087 1532 2168 conjunxere,
1570 2094 1622 2150 aut
1650 2082 1727 2152 duas
1752 2093 1858 2171 partes
1892 2103 1977 2150 ever·

236 2238 251 2249 .
314 2213 321 2222 ·
379 2184 583 2257 insinuavere.
1196 2207 1266 2264 sas,
1289 2184 1334 2248 sic
1355 2193 1390 2250 ut
1409 2185 1444 2248 in
1464 2184 1521 2248 illc
1536 2181 1617 2251 desit
1631 2206 1705 2271 pars
1720 2173 1843 2265 aversa,
1866 2184 1900 2252 in
1913 2185 2015 2256 hoc.

466 2285 510 2351 At
537 2297 704 2372 supersunt
724 2289 825 2369 uitia,
842 2308 921 2374 quae
947 2287 1001 2351 uni
1027 2285 1162 2373 sculpto·
1196 2305 1268 2372 pars
1291 2286 1413 2380 antico,
1446 2285 1556 2350 Nolim
1577 2295 1772 2352 tamencum
1794 2285 1999 2354 Froelichio'

380 2407 448 2468 runa
474 2387 612 2454 incuriae
632 2389 744 2475 procul
771 2388 868 2454 dubio
892 2387 1059 2470 debentur,
1090 2410 1162 2477 qua·
1195 2390 1230 2454 in
1267 2387 1478 2474 negligentiae
1521 2387 1666 2474 peccatis,
1700 2395 1809 2472 putare
1852 2406 1979 2454 numum
2039 2457 2044 2464 ,

380 2487 429 2554 lia¹
448 2497 550 2584 sunt,
583 2511 653 2556 cum
692 2490 854 2577 inscriptio
888 2490 985 2577 longe
1016 2513 1035 2556 a
1067 2499 1163 2577 typo,
1198 2511 1327 2562 aeneum
1348 2490 1392 2556 11,
1410 2489 1530 2554 formae
1556 2487 1655 2554 musei
1684 2487 1790 2566 Caes,
1827 2487 1862 2555 in
1891 2493 1979 2575 ouJus
2064 2541 2070 2548 .

381 2609 475 2677 quem
496 2595 655 2675 enunciat,
684 2593 848 2682 discrepat
892 2594 958 2660 Sic:
992 2591 1164 2658 FAVSTl·
1198 2601 1327 2679 utraque
1354 2600 1442 2680 parte
1464 2598 1526 2658 est:
1563 2587 1822 2660 HADRIANVS
1843 2589 1980 2660 AVGV·

382 2691 458 2761 NA'.
495 2693 711 2762 AVGVSTA.
763 2697 912 2782 scriptum
939 2697 1031 2778 juxta
1074 2705 1166 2781 caput
1198 2694 1325 2774 STVS‚
1369 2693 1402 2759 e't
1433 2692 1527 2778 hujus
1558 2700 1651 2779 caput
1679 2690 1864 2758 laureatum:
1907 2713 1980 2760 nam

382 2792 431 2860 Μ.
452 2794 573 2863 Aurelii
594 2799 628 2864 in
649 2819 748 2865 aeneo
770 2800 794 2864 1.
817 2799 952 2876 formae,
984 2796 1037 2882 qui
1064 2807 1112 2864 est
1132 2798 1165 2862 in
1179 2797 1290 2883 'plura
1310 2795 1376 2861 uidi
1397 2799 1464 2880 ejus
1485 2792 1692 2880 exemplaria,
1724 2813 1816 2880 quam
1844 2804 1878 2862 ut
1900 2797 1979 2863 osci·

383 2919 492 2964 museo
530 2902 613 2987 regis
648 2902 818 2970 Galliarum
862 2909 941 2967 teste
984 2895 1165 2965 Vallemon·
1199 2898 1314 2963 tantiae
1357 2896 1496 2984 suspicio
1548 2893 1660 2962 cadero
1702 2895 1736 2960 in
1758 2897 1980 2972 ‘monetarium

283 3059 292 3082 ,
384 2999 429 3065 tio
437 3003 473 3082 ⁸).
493 3003 585 3070 Item:
604 3004 906 3072 ΛΟΥΚΙΛΛΑΟ(
917 2997 1167 3077 CGBAGTHG.
1198 3002 1317 3089 possit,
1345 2999 1423 3082 etsi,
1451 3022 1515 3088 quo
1536 2996 1621 3064 istud
1641 2998 1823 3083 imperatum
1845 2999 1998 3080 sitnon
2022 3033 2025 3038 ·
2121 3037 2124 3044 ‚

350 3171 353 3180 ,
384 3103 533 3196 scriptum
570 3109 663 3188 juxta
697 3116 790 3192 caput
821 3106 857 3172 L.
886 3106 964 3171 Veri
997 3109 1031 3174 in
1067 3129 1165 3173 aeneo
1199 3104 1288 3184 silio,
1322 3103 1473 3187 ignorem.
1531 3101 1692 3166 Peccatum
1714 3099 1820 3180 otiam,
1853 3101 1980 3186 wando
2064 3132 2092 3194 '.

385 3203 594 3286 Ephesiorum
624 3198 756 3270 'maximi
798 3205 918 3270 moduli
955 3207 1032 3271 olim
1070 3209 1169 3275 musei
1201 3228 1270 3270 cum
1298 3205 1400 3292 capite
1425 3202 1572 3288 Augusti,
1610 3198 1661 3266 vel
1689 3199 1848 3285 Augustae
1868 3205 1981 3286 junxe-

386 3301 557 3384 Foucanlt,
590 3305 671 3371 teste
693 3303 901 3389 Gallandol).
929 3305 1098 3395 ¹Ejusdem
1119 3333 1168 3376 ra-
1200 3316 1273 3374 runt
1309 3325 1450 3383 aversas,
1502 3323 1581 3389 quae
1613 3311 1689 3367 sunt
1729 3301 1981 3388 praecedentium

387 3402 483 3468 tionis
520 3413 581 3470 eat:
618 3404 922 3472 A'BVNDANTlA.
954 3409 1056 3477 Ave.
1086 3421 1166 3500 typo
1200 3412 1446 3496 imperatorum:-
1482 3403 1614 3470 Infinita
1627 3403 1720 3489 hujus
1742 3414 1815 3470 sunt
1837 3408 1982 3496 exempla

388 3503 575 3588 Pudicitiae,
619 3509 653 3574 in
684 3527 778 3573 numo
812 3507 1010 3581 Etruscillae.
1069 3516 1167 3591 (Bon
1199 3511 1235 3575 in
1267 3507 1421 3593 argenteis
1460 3501 1647 3587 subaeratis,
1691 3507 1835 3574 urimirum
1871 3509 1983 3579 Autiue
2030 3509 2034 3513 ’

389 3607 461 3676 duri
481 3627 512 3697 p.
530 3608 598 3691 40.)
793 3627 794 3634 ’
1202 3612 1340 3698 signatis
1404 3610 1454 3676 De
1485 3610 1571 3697 typis
1602 3609 1636 3674 in
1667 3611 1768 3676 numis
1800 3609 1982 3679 iarniliarum
2051 3682 2055 3690 ,

475 3711 574 3780 Aliud
602 3720 733 3794 certum,
771 3723 801 3780 et
828 3712 955 3782 obvium
983 3717 1169 3782 monetario·
1201 3713 1266 3778 hoc
1304 3711 1403 3779 modo
1441 3713 1622 3802 permutatis
1655 3712 1727 3780 vide
1758 3712 1982 3798 prolegomena

389 3835 458 3882 rum
490 3817 599 3883 vidum
630 3826 703 3884 sunt
732 3815 850 3906 formae
890 3837 1054 3892 mimorum
1089 3819 1171 3890 male
1204 3816 1245 3883 ad
1265 3815 1489 3902 hujus'classis
1510 3837 1633 3881 numos.

247 3997 253 4002 ,
390 3919 600 4005 compositae,
634 3930 667 3986 ut
692 3919 820 4008 quando
852 3941 921 3986 cum
950 3931 1038 4008 parte
1070 3922 1172 3988 antica
1202 3923 1207 3930 '
1286 3919 1432 4008 Demque
1469 3920 1503 3984 in
1538 3915 1629 3982 certis
1663 3913 1903 3981 monetariorum
1938 3914 1983 3982 la·

391 4019 521 4108 alicujus
560 4022 719 4108 Augustae
748 4023 890 4110 jungitur
922 4043 1045 4106 avena,
1091 4043 1170 4112 quae
1202 4013 1322 4116 psib'us
1349 4031 1491 4108 putamus
1526 4037 1637 4083 numos
1672 4017 1815 4097 incusos,
1866 4025 1898 4083 et
1934 4017 1983 4086 bis
2013 4043 2020 4054 ’

323 4152 331 4165 =
391 4113 450 4209 p'er
474 4123 643 4214 inscriptos
665 4126 859 4206 cornulatus,
887 4127 1083 4193 tribuniciam
1111 4147 1169 4214 po·
1202 4145 1386 4212 percussos,
1428 4120 1469 4186 de
1500 4119 1612 4206 quibus
1644 4118 1694 4203 egi
1717 4117 1819 4205 capite
1847 4112 1923 4191 XII.
1950 4119 1983 4187 in

251 4277 257 4284 -
391 4234 549 4312 testatem,
575 4227 792 4315 pontificatus,
809 4237 918 4318 ‚typos
941 4229 1088 4298 militares
1110 4237 1169 4295 etc.
1202 4225 1381 4294 mechanica
1402 4222 1476 4314 artis
1490 4218 1697 4290 ‚monetariae

320 4611 338 4622 ..
463 4547 664 4616 alwoltereeb
680 4552 765 4606 Electa
784 4574 809 4621 p·
829 4555 887 4606 182.
955 4547 987 4618 b)
1003 4551 1070 4606 lbid.
1089 4570 1114 4620 p.
1135 4551 1193 4604 200.
1244 4506 1252 4518 Ι
