4438 5462
830 511 1222 634 canunvrn.
1348 595 1352 602 -
1671 579 1805 636 «xxm

210 730 327 811 dicare
362 747 490 805 omnes,
525 725 579 812 qui
606 723 765 794 hac'rnnt
784 717 911 800 moue,
946 739 990 786 ur·
1027 717 1155 788 metallo
1182 729 1255 788 aunt
1282 719 1367 790 numi
1389 675 1497 788 omnes
1518 716 1688 816 Messanae
1709 725 1807 799 uomi-

163 848 174 858 ·
209 835 312 919 gentei
334 837 407 900 sunt
428 827 544 896 etiam.
582 824 706 894 Eodem
732 822 863 896 modulo
885 822 993 892 mot'uc
1027 841 1068 891 ne
1096 821 1253 909 inscripti,
1284 822 1460 909 quicunque
1487 830 1590 890 cortou
1616 821 1733 914 habant
1760 845 1806 892 η.

210 941 370 1002 monetam
420 930 564 1010 Tarenti,
614 927 742 1014 Rhegi,
791 925 992 1004 Athenarum,
1027 924 1169 992 motiorir
1209 923 1278 990 aeui
1316 923 1525 1006 characteres,
1568 931 1601 995 at
1633 925 1808 1016 quicunque
1914 1009 1925 1020 ‚

211 1043 244 1104 et
288 1031 432 1112 cliuum,
487 1049 688 1118 quaecunque
727 1025 823 1109 velie,
872 1026 994 1096 urbium
1027 1034 1124 1092 artem
1165 1026 1369 1095 recentiorem
1409 1024 1561 1112 produnt,
1605 1027 1717 1113 partim
1760 1047 1808 1094 ar·

213 1135 410 1226 Graecarum
453 1129 578 1198 Deinde
605 1131 788 1198 sententiam
815 1149 915 1204 meam
947 1129 995 1206 in·
1028 1126 1241 1212 gemmeum,
1269 1128 1380 1214 partim
1402 1127 1498 1196 aenei.
1551 1125 1670 1194 Eadem
1692 1127 1810 1198 urben

212 1237 293 1304 victe
334 1232 512 1304 stabiliuntv
533 1231 618 1300 numi
648 1232 770 1300 urbium
800 1231 912 1320 purtim
945 1251 995 1316 ea·
1030 1225 1196 1316 campanis
1228 1228 1310 1296 eirca
1332 1223 1454 1294 'aunum
1467 1225 1522 1318 Ὺ.
1549 1228 1584 1295 C.
1614 1235 1688 1300 475.
1716 1221 1808 1300 occu·

211 1356 297 1418 runt,
335 1357 414 1422 quae
449 1333 548 1406 aerius
583 1355 712 1426 euersae
742 1332 995 1420 lueres-partim
1027 1339 1115 1420 pata,
1144 1349 1203 1416 pro
1225 1327 1376 1398 Messana
1398 1329 1557 1418 aliquanto
1578 1341 1653 1418 poet
1673 1325 1808 1400 Mamer·

212 1459 332 1518 eurum,
364 1456 443 1524 quae
470 1433 557 1502 eliud
584 1435 645 1504 sibi
665 1456 780 1502 nomen
803 1433 997 1518 indiderunt,
1019 1433 1108 1513 tino,
1148 1453 1204 1500 seu
1221 1429 1493 1498 Mamertinorum
1525 1430 1587 1498 dici
1614 1434 1735 1519 coepit,
1772 1455 1808 1502 ac

212 1537 268 1610 aed
300 1558 427 1626 quarum
459 1547 561 1604 tumen
600 1559 670 1606 cum
701 1547 835 1624 unoque
867 1535 1006 1606 nomino>
1028 1535 1195 1612 continuo,
1233 1533 1351 1600 rariore
1381 1536 1448 1618 jam
1481 1541 1546 1616 turn
1583 1555 1641 1620 per
1671 1537 1808 1602 Graecae

211 1661 322 1710 numos
350 1639 500 1710 habemur
531 1641 724 1726 superstites.
780 1637 892 1708 Naxus
915 1637 994 1705 Sici·
1028 1636 1121 1704 urbes
1163 1643 1307 1721 urgento,
1338 1655 1474 1702 mumoe
1501 1655 1611 1704 omnes
1650 1635 1809 1702 Mamerti·

211 1743 271 1829 liae
299 1743 496 1826 aDionyoio
515 1742 642 1810 uaniora
664 1759 773 1810 eversa
793 1739 833 1806 V.
854 1740 896 1812 C.
918 1744 993 1812 351.
1027 1759 1140 1808 uorum
1176 1731 1304 1804 numiam
1338 1747 1466 1804 notatos
1503 1737 1653 1805 hahemus
1684 1758 1808 1818 aeneae,

212 1842 317 1916 nullos
353 1845 447 1930 nobie
481 1841 608 1928 reliquit
642 1862 754 1908 numos
778 1849 912 1928 aeneoe;
949 1861 996 1909 ar·
1029 1839 1149 1908 nrrllum
1170 1847 1272 1904 certae
1294 1837 1368 1906 fidei
1390 1849 1579 1925 argenteum.
1627 1840 1676 1906 En
1699 1839 1738 1906 ab
1761 1837 1810 1906 hin

170 1965 174 1974 ’
212 1957 345 2034 genteoe
375 1965 504 2022 omnce.
541 1951 573 2008 et
600 1963 714 2028 magno
740 1941 865 2030 quidem
892 1961 995 2008 nume·
1028 1940 1182 2028 exemplis
1224 1950 1379 2008 monetam
1424 1942 1634 2022 Graecorum,
1676 1931 1811 2028 'perinde

213 2067 264 2114 ro.
307 2045 407 2132 Atqui
436 2045 464 2110 ei
494 2045 699 2114 remetietur
727 2044 848 2122 urbium
870 2052 996 2112 moneta
1029 2065 1066 2110 ao
1092 2041 1232 2123 caecula,
1268 2041 1441 2110 emetullo
1470 2041 1695 2111 nobilioread
1720 2031 1811 2130 igno}
1848 2109 1852 2115 ,
1956 2071 1986 2106 .·
2018 2039 2021 2047 '

213 2147 324 2216 miscet
349 2165 460 2228 aenea,
499 2146 685 2224 oontrmium
711 2145 817 2234 potius
845 2145 997 2215 debuerat
1029 2144 1096 2212 bile
1115 2143 1310 2232 prolapsam,
1332 2165 1399 2232 non
1420 2153 1538 2214 contra
1583 2145 1648 2214 Sed
1669 2166 1710 2211 ne
1732 2143 1810 2210 eoliu

214 2247 362 2318 accidere.
432 2249 519 2334 Ergo
547 2247 770 2320 Naxuecitr'ue
796 2246 995 2328 amedeum,
1031 2249 1180 2316 Graeciae
1215 2259 1358 2333 magnae,
1406 2248 1457 2316 vol
1496 2247 1622 2316 Siciliae
1658 2245 1811 2334 exempli·

214 2373 304 2438 qnam
330 2349 457 2420 moneta
497 2371 592 2420 aenea
634 2371 691 2438 per
734 2349 837 2420 urbes·
855 2351 995 2420 Graecae
1028 2350 1258 2430 inhaereamus,
1323 2350 1415 2416 otiam
1464 2349 1616 2417 Graeciae
1665 2350 1812 2436 propriae
1866 2337 1877 2397 ἕ

214 2453 316 2522 valere
341 2453 471 2540 coepit
533 2453 658 2524 Eodem
691 2452 789 2524 modo
826 2451 997 2524 Cauloniae
1030 2453 1201 2522 marimum
1243 2447 1453 2540 inspiciamus.
1523 2451 1727 2540 Praecipuum
1770 2447 1812 2516 ad
1874 2494 1881 2502 -

214 2573 269 2641 per
294 2547 415 2637 'Pyrrhi
447 2553 564 2624 bellum
595 2553 715 2624 dirutae
745 2575 812 2624 non
843 2554 996 2626 habemur
1030 2551 1154 2624 carmem
1194 2555 1296 2624 meam
1337 2563 1548 2642 argumentum
1592 2554 1712 2623 dabunt
1750 2552 1811 2618 ola·¹
1879 2637 1888 2650 ,

215 2655 276 2724 nisi
298 2667 478 2743 argenteos,
514 2677 634 2744 eosque
655 2675 764 2726 omnes
793 2657 899 2746 operio
926 2677 996 2744 per·
1029 2657 1169 2724 rieeimae
1191 2655 1347 2724 Hellados
1369 2658 1520 2725 Athenae.
1564 2655 1812 2724 Vetustimimem
1899 2729 1901 2734 ³

214 2767 302 2826 umus
346 2779 455 2828 aenum
496 2759 653 2840 testantia,
697 2779 829 2828 aeneum
867 2757 996 2828 nullum.
1030 2779 1136 2827 earum
1169 2767 1326 2826 monetam
1357 2757 1454 2826 fuisse
1486 2765 1676 2844 argenteam,
1723 2778 1843 2844 pree·-

214 2857 290 2930 Fuit
310 2859 443 2938 Sybaris
467 2857 542 2926 urhe
571 2860 725 2928 Lucaniae
752 2859 853 2940 clare,
879 2869 911 2928 et
941 2881 995 2928 nu·
1029 2872 1169 2949 tunquam
1193 2859 1280 2948 quod
1305 2860 1390 2928 istud
1419 2864 1486 2944 ejuo
1513 2857 1631 2924 fabrica
1651 2857 1813 2924 manifeste

216 2978 338 3028 morum
397 2957 628 3044 antiquissimae
686 2958 822 3028 fabricae
874 2961 996 3032 fertilia.
1031 2961 1139 3045 docet,
1177 2955 1219 3028 'ab
1246 2963 1324 3049 ipso
1358 2962 1450 3028 etiam
1478 2959 1713 3029 Atheniensium
1746 2951 1820 3044 plo'

214 3061 335 3130 Everse
361 3061 592 3130 acrotoniatis
615 3059 654 3128 V.
672 3059 713 3130 Ὀ.
734 3067 808 3132 243.
828 3063 997 3132 instaurata
1031 3066 1160 3134 hireoito
1183 3063 1348 3138 erudimur.
1401 3061 1485 3130 Nam
1507 3083 1576 3128 cum
1597 3054 1679 3126 elica
1700 3078 1836 3126 annum
1874 3076 1880 3085 ·
1926 3093 1932 3115 ι

214 3163 319 3232 denuo
349 3185 369 3230 a
397 3163 524 3244 Graecia
553 3163 634 3232 circa
660 3185 774 3232 annum
802 3165 841 3254 Y.
865 3166 900 3233 C.
921 3167 995 3236 310.
1030 3169 1070 3236 V.
1094 3169 1129 3235 Ο.
1147 3173 1220 3240 340.
1248 3166 1354 3235 induci
1377 3166 1533 3254 coepisset
1553 3171 1679 3230 moneta
1705 3168 1811 3242 terreo„

142 3331 156 3356 κ
213 3267 325 3354 partim
351 3287 394 3354 er
418 3277 522 3344 vetere
549 3267 676 3336 nomine
704 3268 852 3350 sybam,
884 3267 997 3355 partim
1029 3268 1139 3356 paullo
1161 3279 1236 3358 post
1256 3274 1324 3356 ojm
1345 3291 1420 3337 usur
1442 3269 1500 3342 init
1520 3269 1711 3355 antiquatum
1730 3275 1814 3332 num

213 3367 364 3436 Thurium
391 3368 454 3436 dici
479 3371 610 3456 coepit‚'
626 3380 657 3438 et
684 3369 833 3458 deinceps
859 3370 998 3459 perrexit
1031 3371 1134 3438 ciente
1167 3393 1336 3460 praecone:
1382 3369 1514 3460 ἀργυρῳ
1548 3393 1612 3458 γαρ
1641 3371 1812 3456 anomalia,

171 3534 176 3543 ,
214 3468 403 3555 aliquamdiu
433 3480 565 3557 utroque
593 3472 721 3541 nomine
750 3469 843 3540 terre
872 3492 996 3552 numne,
1031 3481 1167 3558 argentio
1199 3482 1274 3543 eninr
1301 3483 1423 3553 minor,
1461 3472 1502 3539 de
1537 3494 1600 3561 quo
1628 3471 1701 3538 vide
1726 3459 1816 3558 pluro

215 3567 321 3642 donec
352 3571 485 3651 Sybarin
512 3591 627 3638 nomen
658 3572 753 3660 plone
786 3583 870 3642 esset
897 3573 997 3644 aboli-
1011 3578 1066 3661 ‚in
1093 3579 1194 3644 numia
1215 3578 1415 3668 Athenarum.
1464 3575 1588 3642 Eode'm
1618 3573 1715 3670 morlo
1744 3591 1814 3662 per·

213 3683 290 3740 tum.
336 3667 657 3756 Necessitatem,
684 3673 737 3760 qui
758 3676 843 3742 numi
863 3675 997 3758 sybaris
1031 3678 1130 3746 lustra
1150 3701 1262 3746 numos
1284 3680 1408 3746 urbium
1430 3679 1541 3758 Asiae,
1568 3677 1751 3755 ianuarum,
1779 3685 1830 3740 ac*

215 3793 330 3842 nomen
352 3773 536 3860 msoiptum
557 3772 688 3852 hebent,
709 3773 802 3856 hujus
824 3777 910 3846 urbis
927 3797 997 3844 eene
1032 3781 1147 3874 ilretoe
1171 3783 1366 3868 praesertim,
1402 3803 1482 3868 quoe
1506 3799 1629 3860 omnes,
1668 3772 1815 3842 simodo
1861 3839 1866 3846 ,

215 3876 456 3964 muqmomm.
504 3875 603 3962 Atqui
632 3883 748 3972 certum
778 3895 906 3946 aeneum
928 3899 998 3946 oum
1031 3903 1072 3948 ex
1100 3884 1191 3949 certis
1221 3886 1322 3952 cauete
1350 3883 1512 3950 remotiori
1544 3900 1623 3947 aevo
1656 3874 1815 3940 debebun-

215 3980 371 4048 montione
398 3979 530 4062 Sybaris
558 3977 680 4046 nullum
706 3977 858 4044 hacteum
884 3979 1013 4066 reperi,⁴
1031 3975 1112 4072 tur,⁸
1137 4005 1202 4052 non
1236 3986 1387 4073 reperiar,
1426 3984 1488 4052 nisi
1515 3987 1692 4068 argenteos·
1743 3973 1815 4039 Di⁰i

175 4125 180 4140 ·
214 4081 399 4170 posterioria
437 4081 548 4150 Thurii
591 4101 661 4148 cunr
705 4089 886 4166 argenteos,
933 4090 998 4155 tum
1031 4085 1154 4174 nequit,
1180 4109 1234 4154 ace
1260 4087 1410 4154 aduersus
1438 4083 1616 4170 aeruginem
1644 4099 1711 4146 nou
1739 4076 1814 4146 satir

215 4203 340 4250 aeneos.
385 4181 501 4252 Zancle
523 4183 650 4252 Siciliae
672 4193 850 4278 expugnata
870 4206 891 4250 a
910 4183 997 4254 Mes·
1032 4187 1168 4256 validum
1213 4197 1330 4256 tantum
1372 4199 1503 4258 aetatem
1545 4185 1625 4252 ferre
1658 4202 1723 4248 nou
1756 4201 1815 4269 po·

214 4283 313 4358 eeniin
330 4283 544 4373 Peloponnesi
564 4287 645 4354 eirca
666 4287 842 4354 annum-V.
861 4283 900 4354 C.
922 4291 995 4357 273.
1031 4290 1138 4356 tuisse.
1212 4293 1336 4358 Etenim
1372 4292 1494 4358 rubium
1528 4285 1702 4372 Italicarum
1729 4282 1829 4357 ·mti·.

214 4385 417 4474 Meuanas
440 4389 532 4458 nonio
558 4387 673 4458 incolis
699 4387 806 4475 coepit
835 4389 996 4476 appellari.
1031 4391 1200 4478 quiaeimos
1221 4392 1372 4460 habemus
1395 4412 1524 4473 aeneos,
1553 4399 1585 4456 et
1613 4385 1700 4478 quod
1721 4403 1815 4470 saepe

214 4487 284 4552 lam
311 4507 387 4553 vero
422 4498 452 4556 et
477 4488 608 4557 Zenoles
641 4493 768 4558 nomine
796 4480 928 4558 nullum
941 4489 995 4556 he·
1029 4492 1159 4574 lactum,
1202 4494 1288 4560 numi
1325 4493 1414 4558 aenei
1449 4491 1588 4573 vernice,
1633 4499 1668 4557 ut
1705 4487 1813 4564 mutue,

216 4589 323 4677 hemor
342 4609 484 4672 numum
507 4589 567 4660 nisi
583 4603 771 4679 argenteum.
815 4593 868 4662 Ex
883 4589 994 4664 eodem
1029 4595 1132 4682 operti
1155 4615 1369 4682 quamcunque
1391 4602 1524 4661 aetatem
1546 4593 1658 4660 sermrt

288 4825 305 4874 ,
440 4825 450 4838 .
