4472 5472
756 598 775 614 „
852 506 1115 584 carvr
1167 507 1260 578 xix.
1522 489 1545 588 ss
1758 529 1851 620 my
1914 453 1920 466 “

255 674 302 742 lia
357 668 434 740 Pure
462 691 572 738 aversa
596 669 681 736 numi
707 668 821 736 veteris
848 665 949 748 obvii,
982 664 1041 733 red
1073 688 1147 736 uere
1173 667 1371 754 mitiquorum
1398 666 1431 731 in
1460 667 1545 732 omni
1563 649 1699 738 ‚metallo
1730 677 1761 734 et
1787 649 1851 736 for·
1923 712 1930 722 -
2000 643 2005 658 ¹

257 769 359 865 probe
378 773 502 858 integri,
525 769 599 834 limr
620 769 765 850 aufertur,
794 777 826 834 et
846 769 880 836 in
901 773 970 854 eJ'us
991 768 1040 833 lo·
1073 769 1140 851 ma,
1175 771 1228 856 qui
1263 787 1388 834 aversas
1422 766 1556 834 offerunt
1589 767 1629 834 ab
1660 770 1851 857 imperatori·

226 903 231 912 ·
259 900 330 946 oum
344 897 407 962 ope
420 873 557 940 matricis
572 869 741 938 modernae
756 879 850 956 thus
873 869 963 953 alius,
987 871 1057 957 qui]
1072 871 1148 954 bus,
1186 892 1317 959 quorum
1346 869 1485 957 praelixa
1513 879 1586 936 sunt
1614 873 1733 959 capita,
1778 873 1851 940 alie·

258 989 395 1050 reterem
416 975 561 1054 imitetur,
582 972 774 1060 imprimitur,
798 973 884 1061 quod
904 973 947 1054 fit,
970 993 1039 1060 par·
1073 995 1138 1040 nas.
1184 973 1316 1060 Harum·
1334 993 1427 1038 causa
1452 974 1688 1060 perversitatum
1716 972 1777 1042 fuit
1799 984 1853 1042 aut

257 1091 339 1164 tem,
368 1100 433 1167 qus
450 1084 543 1164 caput
563 1083 626 1156 cst,
654 1072 842 1162 applicando
864 1075 1039 1142 chartarum
1074 1076 1237 1164 oscitantia
1271 1075 1535 1157 monetariorum,
1572 1084 1625 1142 aut
1660 1073 1743 1141 fraus
1780 1073 1851 1142 arti·

229 1219 233 1226 ·
259 1181 351 1263 strui,
379 1201 419 1246 ne
446 1187 538 1266 caput
563 1177 642 1243 ictus
668 1174 862 1244 vehementia
888 1175 1038 1244 subsidat
1073 1177 1183 1258 ficum,
1200 1181 1267 1262 jam
1288 1187 1393 1244 vetere
1408 1198 1493 1266 ¹acero
1516 1175 1849 1264 monetampublicam

260 1283 331 1350 Hac
352 1281 446 1368 igitur
465 1279 586 1346 ratione
604 1295 714 1346 numus
728 1281 833 1346 existit
848 1278 984 1366 elegans,
1008 1288 1039 1345 et
1073 1278 1372 1366 corrumpentium«
1474 1271 1477 1276 ’

216 1421 220 1428 -
249 1385 288 1450 ἰι
309 1381 497 1450 ιιιιιιιιιιιιι
517 1381 652 1448 matricis
673 1402 775 1449 novae
797 1381 924 1463 artilex,
954 1387 1037 1446 vete·

102 1503 107 1510 ·
232 1530 236 1538 -
258 1505 325 1552 nrm
347 1483 493 1551 aemulus.
527 1482 566 1550 Id
579 1505 677 1570 genus
692 1503 819 1551 auersae
835 1506 892 1552 sua
903 1505 977 1551 sese
989 1504 1037 1548 ra·

258 1587 346 1654 ritate
376 1585 611 1668 commendant,
642 1595 673 1652 et
700 1583 869 1674 pleraeque
895 1584 1036 1672 genuinis

253 1689 288 1754 in
309 1689 409 1754 rumis
432 1684 590 1774 umrquam
604 1687 810 1780 reperiuntur,
829 1687 937 1776 quales
953 1693 1036 1754 sunt.
1155 1683 1316 1767 Fis'surac,
1346 1707 1422 1772 quaa
1445 1693 1629 1751 contraxere
1650 1684 1779 1800 copiosi
1794 1679 1857 1768 nst-J

255 1809 349 1875 aquus
381 1793 537 1856 emmam
568 1811 605 1854 cc
626 1789 765 1869 secubat
792 1801 845 1854 etc.
877 1791 910 1854 iu
943 1809 1037 1854 numo
1072 1787 1115 1853 mi
1135 1795 1265 1868 veteres,
1288 1795 1319 1852 et
1340 1787 1506 1876 praecipue
1520 1786 1647 1903 maJcris
1663 1779 1742 1852 aeris
1758 1808 1850 1852 causa
1931 1809 1936 1817 ·

258 1887 706 1968 marsumaticum
733 1888 889 1974 Erpsdatto
909 1891 1040 1956 Jndotca
1072 1887 1231 1974 amplioris
1266 1885 1455 1972 voluminis,
1501 1889 1698 1970 occasionem
1734 1886 1850 1954 dedere

258 1990 293 2056 iu
323 1990 424 2056 numia
447 1987 608 2056 Hadriani.
652 1989 774 2057 Numos
801 1991 863 2058 hac
888 1999 954 2058 arte
973 1989 1037 2057 for·
1070 1988 1244 2054 falsariis·
1234 2009 1336 2078 rpaum
1368 1990 1432 2056 hoo
1457 1991 1566 2058 uitium
1575 1987 1746 2071 imitandi,
1785 2010 1848 2075 quo

258 2099 361 2160 matos
389 2111 429 2159 ex
455 2090 527 2178 ipso
555 2087 690 2158 fabricae
715 2093 829 2175 modo,
874 2115 936 2181 quo
963 2113 1037 2182 pars
1070 2090 1190 2158 facilius
1215 2111 1327 2158 numus
1355 2094 1498 2180 antiquus
1528 2085 1694 2160 rideretur.
1738 2079 1867 2158 Ροιιοι’
1915 2157 1940 2186 .,

259 2193 362 2261 ιιιιιιιιι
382 2190 422 2257 ab
444 2213 555 2260 aversa
575 2190 710 2282 obludit,
734 2195 923 2282 dignoveris.
1071 2196 1143 2280 pars
1173 2213 1336 2259 numerum
1360 2194 1510 2266 falsorum
1534 2193 1661 2288 dubium
1689 2191 1775 2258 istud
1796 2213 1849 2258 aa

343 2293 439 2360 Numi
471 2295 638 2383 compositi
670 2306 816 2365 coustant
844 2319 885 2364 ex
912 2296 1037 2365 duobus
1071 2293 1221 2382 tiquitatis
1247 2283 1395 2363 iudicium
1423 2319 1498 2386 prae
1518 2319 1560 2364 se
1590 2272 1667 2378 lert,
1705 2303 1739 2362 et
1767 2315 1849 2366 cum·
1873 2325 1878 2330 ·
1907 2293 1913 2298 ’

249 2388 356 2464 uumis
379 2393 515 2464 dimidiis
533 2397 634 2464 obviis
651 2399 785 2486 quidem,
808 2399 866 2466 sed
888 2401 942 2514 qui
959 2420 1038 2466 ··con
1070 2397 1196 2514 primis,
1226 2407 1261 2464 ut
1283 2397 1364 2481 dixi,
1392 2399 1431 2482 ii,
1463 2399 1520 2488 qui
1536 2393 1639 2486 magni
1650 2403 1738 2464 suut
1759 2395 1869 2492 apris,¹
1922 2453 1942 2470 ,,
2029 2419 2033 2432 ·

183 2545 187 2568 .
252 2498 352 2584 juncti
373 2515 477 2564 rarum
499 2495 653 2567 efficiunt
683 2499 773 2568 Haec
794 2499 879 2570 fraus
900 2502 967 2569 non
988 2519 1037 2568 ae·
1072 2501 1160 2586 quia,
1195 2509 1311 2588 quanto
1334 2502 1427 2569 latior
1448 2510 1497 2567 est
1516 2521 1602 2568 nunu
1593 2501 1728 2598 orbis,
1761 2508 1849 2566 tanto
1960 2551 1966 2562 .

257 2602 323 2668 ucis
345 2598 464 2680 solum,
493 2599 549 2666 sed
576 2602 730 2686 argenteis
758 2625 897 2690 quoque
906 2605 1036 2672 intenta·
1070 2600 1190 2668 facilius
1218 2601 1359 2685 liuditum
1388 2603 1473 2691 atqui
1500 2611 1616 2671 certum
1642 2611 1704 2688 est,
1734 2624 1753 2666 a
1780 2595 1862 2668 solui,

212 2725 221 2740 ’
258 2708 322 2781 tur,
347 2723 376 2766 ι.
399 2721 429 2786 g.
452 2721 493 2765 ex
518 2722 613 2770 numo
636 2702 790 2770 Antonini
817 2701 968 2773 tollitur
964 2727 1037 2793 pars
1071 2701 1175 2776 mallei
1197 2704 1388 2772 vehementia
1409 2705 1559 2772 fissuram
1576 2706 1660 2770 numi
1682 2703 1860 2792 proficisci

259 2807 384 2878 auersa,
422 2799 512 2886 cique
528 2803 711 2898 *applicatur
743 2816 835 2894 caput
859 2799 1038 2890 Faustinae,
1071 2805 1108 2872 Iu
1136 2814 1263 2872 nostrae
1292 2805 1400 2872 aetatis
1427 2814 1553 2872 moneta
1574 2806 1629 2871 uix
1649 2824 1784 2890 unquam
1806 2805 1870 2870 ιι·
1953 2829 1960 2838 ·

260 2921 300 2980 en
328 2899 385 2966 tibi
412 2919 537 2971 numum
562 2925 674 2970 rarum.
718 2906 753 2973 Si
780 2912 890 2978 numus
918 2919 966 2978 est
987 2931 1036 2977 ae·
1070 2907 1147 2974 tium
1172 2906 1258 2972 istud
1283 2908 1450 2994 reperitur,
1490 2905 1562 2994 quia
1590 2906 1624 2972 iu
1655 2904 1716 2970 hac
1744 2905 1849 2992 operis
1900 2925 1907 2946 ι
1937 2893 1966 2988 ,”

259 3023 346 3083 neus,
368 3000 509 3088 seligitur
530 3003 608 3070 alter
629 3004 768 3090 ejsudem
790 3007 906 3078 coloris
925 3021 956 3078 et
970 3034 1036 3079 ver·
1070 3009 1234 3076 monetarii
1260 3008 1451 3097 pellectione
1482 3007 1591 3073 unicus
1623 3005 1737 3075 suffieit
1769 3008 1848 3074 ictus

257 3103 344 3172 uicis
389 3101 512 3172 Nomos
534 3105 670 3224 reperias
687 3107 748 3175 bac
762 3121 828 3180 arte
842 3121 904 3180 tam
919 3113 1036 3182 affabre
1071 3111 1120 3178 ad
1130 3111 1354 3198 imprimendos
1375 3133 1470 3178 numo
1492 3117 1598 3196 typos.
1628 3108 1673 3176 nt
1694 3129 1770 3178 vcro
1794 3129 1849 3176 nu·

256 3207 405 3289 sociatos,
427 3216 461 3276 ut
481 3209 609 3274 ιιιιιιιιιιι
630 3211 769 3294 scientia,
792 3235 863 3281 esse
884 3219 931 3283 sio
952 3239 1036 3283 com·
1069 3231 1140 3282 mos
1161 3224 1281 3282 veteres
1302 3223 1433 3302 propter
1458 3211 1610 3300 repetitos
1631 3209 1737 3285 mallei
1756 3211 1859 3298 ictus,

256 3311 391 3394 positos,
413 3307 552 3378 fraudem
574 3313 700 3399 aperiat,
723 3317 892 3434 praecipue
913 3339 983 3384 curn
1003 3320 1037 3387 in
1071 3320 1160 3402 cujus
1188 3317 1356 3394 certissima
1384 3315 1500 3381 indicia
1527 3335 1635 3380 eorum
1655 3312 1781 3402 plurimi
1803 3313 1849 3380 oi·
1884 3315 1892 3322 ’
1948 3319 1950 3324 ’

258 3408 322 3474 hoc
342 3407 472 3475 fallendi
493 3414 621 3498 negotio
644 3436 700 3482 ora
721 3418 808 3532 numi
828 3440 953 3508 semper
973 3443 1036 3488 ma.-
1072 3417 1186 3501 ferunt,
1209 3419 1330 3486 leoffius
1351 3417 1427 3485 lindi
1449 3438 1578 3484 necesse
1599 3415 1665 3484 linit
1705 3415 1803 3484 Has'
1794 3417 1849 3501 rgi-
1936 3485 1938 3488 ,
2006 3415 2038 3506 ,“

259 3519 335 3579 neat
351 3509 469 3576 illaesa·
956 3547 963 3558 ·
1069 3531 1119 3588 tur
1146 3520 1309 3589 fissuras
1300 3541 1332 3584 ιιι
1358 3519 1493 3602 numia,
1506 3540 1562 3586 seu
1587 3520 1760 3606 percussis,
1794 3539 1851 3586 seu
1972 3546 1974 3555 ·

344 3611 425 3678 Sunt
450 3611 536 3676 numi
560 3603 612 3678 alii
639 3618 750 3701 purtim
776 3623 929 3708 argentei,
967 3643 1035 3712 par·
1069 3620 1147 3688 fusis
1175 3621 1287 3690 imitari
1315 3621 1441 3711 placuit
1497 3619 1550 3688 Ad
1576 3642 1668 3709 quam
1696 3621 1850 3688 fallaciam

256 3711 438 3794 timaeum,
467 3715 634 3800 compositi
659 3738 700 3782 ex
721 3717 843 3794 duobus
865 3725 966 3792 numia
988 3725 1035 3792 di·
1041 3722 1286 3811 detegendam
1312 3731 1439 3812 oportet
1470 3731 1643 3809 utramque
1663 3717 1767 3789 numi
1779 3743 1850 3812 par-

256 3814 359 3883 midiis
387 3813 623 3901 conglutinatis,
658 3839 749 3905 opus
776 3813 940 3907 truncum,
982 3829 1035 3915 qui
1068 3835 1131 3892 tem
1172 3826 1205 3892 in
1248 3847 1380 3892 examen
1421 3844 1557 3902 vocare,
1602 3832 1635 3896 et
1677 3821 1865 3903 advertere,

256 3925 457 3986 memoratum
479 3917 691 4006 componendi
713 3922 857 4007 modurn,
880 3928 953 4014 qnia
973 3949 1034 3996 ma·
1067 3937 1170 3993 utrum
1203 3927 1314 3996 fissura
1345 3926 1424 3993 haec
1456 3927 1515 3990 iter
1541 3921 1682 3989 naturale
1708 3933 1847 4010 peragat,

214 4057 217 4064 .
255 4020 302 4104 gia
324 4018 453 4103 arduus,
474 4028 633 4110 praestare
654 4034 820 4111 nequeunt
865 4027 979 4096 Verum
1000 4031 1034 4098 in
1067 4028 1208 4115 illudque
1230 4037 1401 4109 arcuatum,
1429 4048 1466 4093 ac
1487 4025 1621 4113 denique
1643 4025 1675 4091 in
1697 4023 1783 4092 filum
1803 4035 1848 4093 tc·

141 4173 150 4198 ,
257 4119 306 4184 bis
337 4119 459 4186 fallacia
490 4143 561 4188 sese
595 4126 746 4192 continuo
779 4129 953 4199 manifestat
988 4135 1033 4199 in-
1066 4133 1248 4200 unissimum
1270 4128 1404 4196 desinat
1440 4127 1529 4194 Haec
1549 4128 1577 4194 si
1598 4136 1723 4215 praesto
1746 4137 1845 4208 erunt,

256 4229 363 4309 specta
390 4242 460 4306 ora,
493 4225 676 4312 ¹quamboc
702 4229 735 4298 iu
760 4227 903 4300 instituto
933 4233 1034 4302 limari
1067 4253 1209 4310 numum,
1248 4239 1300 4298 aut
1325 4232 1427 4298 verius
1455 4231 1539 4296 numi
1566 4227 1740 4296 orbiculum
1770 4231 1862 4311 anti·¹

254 4339 377 4408 semper
399 4327 546 4410 oportuit
920 4357 925 4365 ¹
1068 4357 1162 4424 quum
1183 4344 1274 4423 puta,
1304 4333 1417 4399 etenim
1439 4332 1506 4399 fieri
1528 4341 1648 4422 potest,
1677 4342 1710 4400 ut
1737 4351 1848 4400 numus

340 4421 464 4490 Interea
499 4431 668 4516 compositi
698 4431 731 4496 bi
759 4437 845 4524 numi
881 4435 1033 4504 conlundi
1068 4445 1170 4503 cetera
1202 4435 1344 4522 antiquus
1377 4433 1441 4502 ulio
1474 4433 1572 4518 vitio,
1610 4433 1714 4524 qualia
1741 4433 1848 4504 bacte-
1899 4439 1904 4458 '

254 4541 320 4592 nou
341 4521 460 4592 debent
479 4547 555 4645 cum
582 4551 695 4619 magno
717 4555 847 4606 numero
869 4559 1033 4608 numerum
1066 4547 1141 4606 nna
1160 4537 1379 4625 exposuimus,
1411 4534 1545 4604 laboret
1612 4537 1657 4605 At
1684 4537 1713 4604 si
1739 4536 1850 4606 fissus
