4472 5472
315 495 448 586 „aa
496 525 507 580 Ι.
663 437 672 448 “
819 475 1188 552 uaonueonuna
1211 441 1582 552 annuarum...
1695 441 1699 448 '
1792 427 1795 434 ⁴

287 631 298 650 '
347 645 557 700 ·transeursu
583 635 681 720 attigit
714 645 845 717 tantum,
890 657 955 702 non
988 637 1049 703 sibi
1079 657 1152 724 pro·
1187 657 1296 726 pressa
1324 621 1456 720 fuerint,
1499 635 1685 706 infirmiores
1713 635 1788 704 mihi
1813 637 1968 724 ridentur,

375 735 509 804 handam
532 737 687 824 sumpsit„
703 757 772 802 eam¹
798 731 984 823 argumentis
1014 735 1153 806 stabilire
1189 761 1280 828 quarn
1301 751 1336 808 ut
1357 742 1476 829 exponi
1498 739 1684 808 mereantur·
1992 761 1996 764 ·

205 920 232 932 Ι,
376 859 540 925 aggressus
568 849 617 912 est
641 840 853 908 Mahudelius.
916 839 984 924 Ait,
1021 842 1155 912 existere
1207 901 1209 906 .
1275 837 1466 934 Sententiae
1497 843 1570 909 huie
1613 867 1632 910 a
1667 843 1801 910 doberto
1838 842 1970 929 primum
1998 899 2026 922 .,
2087 819 2093 826 ’

276 991 282 1002 ,
375 961 600 1028 nonnunquam
628 943 661 1008 in
689 942 863 1010 civitatibus
891 963 999 1010 causas
1026 943 1153 1025 subitas,
1189 943 1319 1012 traditae
1354 945 1535 1016 adversatura
1565 945 1664 1012 serius
1697 955 1746 1011 est
1767 943 1824 1009 'Cl
1851 944 1979 1012 Bozins.

377 1065 458 1132 qnae
502 1051 619 1130 cogant
653 1063 769 1130 ,augere
812 1045 951 1112 valorem
999 1039 1154 1115 monetae.
1187 1048 1262 1115 looo
1285 1049 1538 1136 supralaudato.
1583 1049 1686 1115 Eeeur
1707 1047 1799 1128 enim,
1828 1049 1881 1128 ait,
1906 1045 1969 1113 ne
2007 1029 2017 1052 ’

374 1145 532 1232 Exemplo
562 1155 630 1216 esto
656 1170 692 1212 as
718 1148 932 1214 Romanorum
958 1163 1014 1234 p'er
1037 1147 1154 1216 bellum
1188 1151 1270 1218 mani
1297 1160 1398 1218 stante
1425 1151 1617 1240 Republica,
1662 1172 1731 1217 enm
1757 1149 1852 1216 toties
1880 1170 1969 1236 ange·

291 1317 295 1326 ,
337 1328 339 1338 Ι
377 1248 537 1314 Punicum·
557 1250 597 1319 ll.
636 1269 735 1334 usque
769 1249 850 1316 adeo
883 1249 1058 1314 imminutus
1091 1270 1154 1314 ma·
1187 1275 1223 1318 re
1244 1251 1382 1320 valorem
1404 1256 1497 1335 aeris,
1525 1264 1560 1319 nt
1582 1263 1720 1335 constat,
1743 1253 1872 1319 neeesse
1894 1252 1969 1319 fuis·

375 1363 469 1418 neate
496 1350 608 1416 eodem
633 1350 751 1416 valore.
819 1351 1033 1418 Primorum'
1024 1370 1154 1436 impera·
1190 1363 1253 1432 set,
1283 1353 1448 1420 refundere
1475 1355 1579 1442 potius
1609 1375 1722 1438 magno
1751 1365 1876 1441 sumptu
1905 1357 1972 1422 uni·

350 1441 480 1520 ‘turrim
524 1461 623 1520 aetate
668 1449 800 1529 eundem
844 1452 937 1516 finem
982 1451 1154 1566 obtentum,
1189 1477 1309 1520 versam
1364 1465 1521 1521 monetam
1576 1469 1715 1520 aeneam
1757 1455 1971 1539 instituerunt,

377 1555 435 1622 sed
456 1553 568 1625 horum
597 1572 658 1640 ope
685 1554 846 1639 signorum
867 1557 1040 1656 monetae
1027 1575 1093 1638 Jam
1115 1551 1155 1617 ai·
1191 1575 1285 1642 quam
1320 1576 1408 1638 earn,
1455 1555 1542 1674 quod
1577 1553 1697 1620 facilius
1733 1563 1861 1639 peraetu
1897 1557 1971 1639 fuit,
2007 1585 2011 1592 ·

320 1719 322 1727 ,
376 1667 486 1744 gnatae
513 1658 743 1772 impressorum.
787 1653 830 1723 At
859 1649 928 1723 crim
958 1656 1042 1724 idem
1056 1653 1200 1723 uide·
1190 1659 1348 1745 rmpressis
1371 1606 1537 1746 hissrgnis
1559 1665 1686 1737 notare,
1712 1657 1972 1743 praecipuarum

286 1749 294 1764 ⁶
376 1768 437 1839 ret,
480 1780 597 1824 numos
627 1758 673 1824 sio
700 1767 826 1826 notatos
854 1782 924 1828 esse
951 1759 1156 1847 paneissimos
1192 1781 1310 1832 eorum
1326 1780 1401 1828 usus
1428 1761 1554 1848 ignotus
1581 1760 1619 1825 iis
1643 1779 1712 1826 esse
1734 1779 1800 1824 non
1820 1761 1971 1846 potuerit,

375 1871 520 1946 respectu
542 1879 666 1944 eornm,
695 1862 748 1950 qui
775 1865 876 1950 notati
901 1883 966 1930 non
987 1872 1081 1944 sunt,
1110 1881 1156 1926 re·
1191 1863 1313 1980 pridem
1355 1867 1389 1930 in
1432 1864 1608 1931 civitatibus
1647 1863 1775 1930 Graecis
1790 1861 1973 1962 'recepturi
2049 1909 2055 1916 .

362 1963 533 2050 spondet,
578 1963 716 2032 valorem
743 1965 793 2030 his
822 1966 919 2050 signis
943 1974 1065 2032 auctum
1091 1985 1157 2032 non
1192 1963 1311 2032 Cur
1286 1989 1332 2031 sae
1359 1968 1443 2054 apud
1470 1969 1632 2035 Romanos
1667 1966 1767 2032 notati
1795 1963 1881 2030 luere
1913 1962 2006 2054 soli,

376 2075 537 2154 spectasse
580 2065 621 2132 ad
665 2087 778 2133 omnes
809 2068 932 2155 imperii
964 2067 1157 2154 prouincias,
1191 2088 1277 2133 nnmr
1267 2068 1398 2134 'aeneil
1434 2071 1604 2137 Enimvero
1626 2089 1755 2134 neeesse
1777 2078 1834 2148 est,
1856 2077 1974 2154 speeta-

377 2169 436 2236 sed
457 2167 498 2236 ad
520 2191 573 2235 eas
599 2177 734 2247 tantum,
765 2169 913 2256 quibua
904 2189 937 2233 ιιι
959 2187 1052 2234 eausa
1075 2166 1157 2234 subi·
1191 2178 1227 2234 to
1252 2163 1362 2235 valore
1390 2170 1575 2258 intriplioe
1602 2169 1729 2236 metallo
1762 2175 1883 2236 eertum
1903 2187 1976 2236 esse

376 2279 410 2336 ta
439 2291 478 2334 eo
509 2269 648 2335 remedio
679 2277 759 2354 opus
785 2267 852 2334 fuit
907 2269 1010 2336 Aucto
1038 2267 1158 2336 indea
1192 2269 1322 2351 debere,
1366 2281 1458 2358 etque
1484 2293 1526 2337 ex
1552 2269 1767 2360 praesentibus
1795 2270 1895 2336 causis
1923 2267 1975 2336 de·

376 2370 514 2454 Trajano
559 2378 703 2434 monetae
735 2365 897 2450 Romanae
939 2392 1068 2439 numero
1105 2389 1158 2445 ne·
1192 2371 1310 2463 finitum
1337 2367 1543 2439 intervallum.
1587 2373 1674 2458 Ergo
1704 2373 1733 2436 si
1757 2369 1874 2436 valoris
1902 2391 1973 2456 aug·

321 2471 324 2476 ’
378 2493 467 2538 essse
509 2469 640 2558 amplius
684 2491 749 2538 non
787 2470 897 2554 luisse,
941 2471 1006 2539 hoe
1041 2472 1158 2539 valoris
1191 2482 1328 2540 mentum
1354 2473 1465 2572 fnisset
1489 2475 1655 2554 intentum,
1683 2471 1801 2538 incusis
1822 2472 1886 2538 hoe
1908 2491 1985 2550 nro-x
2019 2551 2023 2558 ι

378 2575 480 2641 dicto
498 2573 595 2639 modo
628 2583 822 2661 angmentum
849 2595 1015 2642 arcessere.
1069 2573 1158 2640 Diffi·
1193 2575 1257 2643 do
1262 2576 1363 2644 uumis
1392 2579 1545 2662 argenteis
1572 2577 1669 2643 multo
1699 2574 1834 2662 amplior
1856 2593 1987 2641 summa

326 2739 329 2746 .
379 2677 439 2742 oile
459 2699 537 2743 vero
560 2698 630 2742 esse
650 2675 790 2744 diuinare
811 2696 938 2770 causas,
975 2699 1054 2765 quae
1076 2676 1159 2743 subi·
1193 2678 1502 2765 brevioretempore
1522 2679 1676 2766 potuisset
1697 2677 1818 2748 confici.
1862 2675 1970 2758 Addit

378 2789 503 2846 taneum
529 2778 613 2846 istud
638 2778 810 2846 remedium
836 2781 1005 2864 suaserint,
1033 2801 1160 2869 quarum
1194 2771 1267 2847 huie
1297 2782 1389 2848 etiam
1417 2783 1587 2849 sententiae
1611 2783 1748 2864 obesse,
1782 2769 1869 2869 quod
1900 2798 1974 2898 pau

293 2935 304 2958 ,
353 2883 459 2950 *aliae
485 2883 526 2948 ad
550 2883 790 2972 imperatorem,
835 2883 914 2950 aliae
944 2884 985 2951 ad
1011 2891 1160 2964 senatum,
1196 2884 1296 2950 oiores
1324 2893 1396 2951 sunt
1422 2887 1508 2952 numi
1533 2886 1650 2968 iriensi,
1694 2904 1786 3002 qnam
1811 2891 1846 2949 ιιι
1871 2881 1976 2949 verisi-

379 2985 459 3054 aliae
489 2985 529 3052 ad
558 2985 709 3074 populum
740 2986 961 3075 pertinuerint,
1001 3008 1082 3075 quos
1111 3007 1161 3052 ιι·
1196 2986 1270 3054 mile
1290 2987 1447 3070 videatur,
1477 2987 1573 3056 fuisse
1600 2990 1677 3055 haee
1704 2987 1793 3073 signa
1819 2985 1900 3050 aneti
1926 3003 1975 3050 ιι·

166 3099 172 3120 “
225 3139 228 3146 -
262 3117 304 3181 κν
376 3089 443 3156 ιιοι
460 3093 575 3174 jussus¹
590 3089 730 3155 indicare
751 3087 896 3155 videntur
917 3100 1012 3156 notae
1025 3087 1162 3155 IMR-
1195 3090 1273 3170 loris
1299 3089 1435 3172 indicia,
1481 3091 1616 3177 denique
1642 3093 1670 3156 si
1696 3087 1781 3154 istud
1806 3085 1976 3172 praefixum

380 3187 486 3254 AVG·
508 3223 548 3238 ·*
573 3189 690 3256 CAES·
706 3221 749 3238 -··
769 3189 866 3256 SPR·
889 3189 998 3264 Minus
1020 3187 1162 3253 adhaesit
1194 3190 1268 3272 fuit,
1296 3193 1401 3256 mirari
1429 3205 1512 3272 sese,
1540 3211 1594 3256 eur
1621 3211 1657 3255 ea
1685 3207 1751 3252 non
1778 3189 1810 3252 in
1840 3183 1976 3253 omnium
2059 3253 2062 3260 ,

309 3361 312 3366 Δ
380 3288 616 3373 Haveroampus
661 3287 801 3372 ejusdem
844 3287 1016 3362 sententiae
1057 3297 1160 3398 patro·
1194 3295 1415 3381 imperatorum
1443 3293 1543 3357 numia
1565 3278 1778 3378 ,compareant
1823 3289 1906 3355 Sane
1929 3309 1976 3354 so·

379 3409 455 3468 nus,
501 3396 678 3474 comperto,
723 3407 834 3455 omnes
864 3390 899 3455 id
925 3409 1023 3476 genus
1049 3391 1160 3458 numos
1195 3417 1234 3462 se
1251 3395 1285 3460 in
1306 3393 1394 3460 nullo
1417 3391 1550 3474 Vitellii,
1579 3401 1631 3459 aut
1654 3391 1781 3460 Nervae
1802 3410 1896 3458 numo
1920 3387 1976 3458 ob·

326 3545 335 3552 .
379 3492 437 3556 has
464 3497 557 3555 notas
585 3491 745 3577 accepisse
766 3491 824 3558 sub
849 3491 1002 3574 Claudia,
1034 3504 1161 3610 urgente
1195 3515 1378 3564 servasse.

259 3665 262 3672 Ι
327 3635 342 3644 .,
378 3590 499 3658 seilicet
526 3591 726 3692 necessitate,
760 3594 886 3679 quando
913 3593 1010 3662 fames
1036 3596 1161 3713 gratim
1271 3597 1354 3664 Hae
1380 3595 1511 3664 refutata
1537 3597 1690 3664 sententia
1719 3619 1805 3664 suam
1828 3597 1977 3680 continuo

378 3693 510 3780 Romam
536 3703 568 3762 et
589 3693 757 3782 imperium
786 3694 953 3779 adflixit‘)
996 3698 1160 3781 Atesim,
1196 3699 1300 3766 dietat.
1345 3699 1414 3783 Ait,
1443 3700 1476 3767 in
1503 3697 1652 3790 operibus
1675 3699 1825 3788 publicis,
1852 3707 1886 3763 ut
1908 3717 1978 3761 oum

269 3791 273 3796 ’
380 3805 414 3862 ut
436 3801 544 3862 causas
572 3795 649 3864 alias
670 3807 875 3886 praeteream,
904 3821 983 3890 quae
1009 3801 1161 3872 infirmam
1195 3799 1364 3890 agebantur
1414 3803 1599 3871 muniendae
1645 3803 1737 3882 viae,
1790 3795 1978 3863 derivandae

275 3947 284 3994 3
358 3898 460 4000 'hano
496 3899 697 3992 opinionem
710 3912 869 3983 evertunt,
914 3913 1038 3972 exstant
1065 3915 1160 3974 notae
1193 3907 1226 3972 in
1271 3924 1475 3996 quoscunque
1510 3925 1584 3972 usus
1621 3921 1739 3991 aquae,
1784 3897 1978 3976 aedificanda

378 4003 504 4069 mensae
538 4001 661 4070 Claudii
703 4005 833 4092 imperio
873 4009 1083 4094 posteriores,
1127 4017 1162 4075 nt
1194 4008 1433 4096 amphitheatra,
1479 4015 1510 4072 et
1546 4025 1625 4092 quae
1661 4003 1712 4068 his
1748 4009 1821 4066 sunt
1853 3997 1975 4082 similia,

127 4194 130 4202 .
238 4181 242 4188 ᾗ
299 4127 304 4132 ·
378 4103 479 4174 videri
509 4115 615 4192 potest
650 4107 682 4173 in
711 4107 847 4176 indicato
875 4109 1052 4176 Mahudelii
1081 4119 1160 4176 eata·
1195 4111 1228 4176 in
1256 4109 1322 4176 his
1311 4129 1408 4205 ergo
1432 4103 1578 4192 operibus
1601 4092 1732 4190 aequum
1753 4101 1866 4180 fuisse,
1898 4103 1977 4170 inter

311 4238 317 4259 ι
378 4206 465 4292 logo.
525 4207 617 4274 Aliae
648 4208 850 4276 Mahudelii
847 4214 1072 4295 conjecturae,
1117 4193 1191 4276 ob
1196 4231 1270 4291 eos,
1309 4213 1361 4298 qai
1390 4205 1494 4273 labori
1521 4205 1666 4272 destinati
1693 4203 1796 4286 fuere,
1835 4203 1979 4272 distribui

379 4331 457 4396 quas
488 4308 578 4376 alias
598 4332 706 4378 eanaas
738 4312 816 4378 haee
850 4313 951 4378 numia
974 4315 1073 4402 signa
1106 4313 1161 4377 im·
1195 4311 1330 4378 reinerus
1358 4309 1522 4377 arbitrario
1549 4309 1698 4398 quopiam
1726 4309 1816 4395 signo
1836 4317 1977 4386 notatas,

380 4465 452 4476 ν-ι-

447 4531 476 4595 l)
496 4535 527 4584 ad
548 4528 661 4587 llorellii
679 4537 792 4590 tabulam
811 4535 919 4594 mu.
939 4533 1056 4600 sugunt.
