4438 5462
863 461 1234 564 CAPVTXL
1313 559 1322 576 ,
1417 410 1422 418 -
1606 414 1707 546 ς’,
1775 485 1887 544 ιιι·
1964 422 2056 554 ⁴,
2216 419 2217 432 ἵ

246 627 311 694 aeri
335 627 453 694 manco
480 627 640 694 raucae
698 623 738 692 ln
767 641 921 692 marmore
953 625 1032 695 Gru
1066 621 1108 690 de
1146 620 1210 690 lroc
1246 632 1426 709 argumento
1463 623 1553 712 plura
1588 607 1672 726 apud
1703 625 1750 696 (ΙΙ.
1779 627 1845 696 Oli·

246 727 343 808 te'ri’)
371 725 420 793 Μ
442 726 556 814 leius
571 725 699 798 dicitur
712 722 1029 795 annvrmnrvs.
1064 724 1186 806 vierih)
1231 725 1327 814 Atqui
1361 735 1392 792 et
1424 735 1563 813 repertas
1597 717 1695 803 finisse
1725 728 1860 796 Romae.

246 827 364 895 AVRl.
399 815 700 898 ET.ARGENTI.
735 825 1031 897 Montunates
1064 825 1180 892 formas
1213 825 1353 912 lapideas
1395 817 1563 894 fundendis
1605 830 1676 910 bis
1699 831 1846 918 ponderi·

246 929 324 996 alibi
352 928 436 1018 apud
461 931 629 1011 eundern)
658 929 801 1017 leguntur
831 930 1026 998 MALLEA·
1061 928 1120 994 bus
1141 926 1328 1010 destinatas,
1355 928 1450 998 refert
1471 930 1632 997 Passerius
1647 931 1684 1018 ι).
1727 934 1765 999 In
1788 953 1873 1002 nu.

173 1059 205 1112 ῃ
245 1031 400 1099 ιοιιι.
416 1031 648 1102 nonnula.
669 1031 890 1101 ιιιιιιιι.
913 1034 1027 1100 axem-
1060 1029 1120 1099 mn
1147 1030 1223 1096 usn
1250 1039 1338 1117 pum
1364 1033 1456 1099 ιιι,
1471 1033 1534 1101 cr.
1566 1034 1718 1106 nesuvan
1745 1045 1844 1102 nous
1954 1077 1956 1085 >
2069 1011 2075 1020 ’

245 1134 300 1221 pla
327 1154 370 1200 ex
395 1133 472 1223 ipsis
502 1135 602 1204 numis
623 1144 767 1204 monetae
789 1136 881 1204 fletae
901 1157 1026 1225 percus·
1059 1130 1288 1220 Aegyptiorum
1319 1152 1429 1224 numos
1457 1136 1560 1221 gratis
1582 1136 1678 1216 neris,
1708 1136 1742 1201 br
1765 1123 1841 1226 quo·

246 1257 301 1304 ιιι
326 1235 389 1323 ipsi
413 1237 564 1323 praebent
590 1240 674 1304 numi
696 1239 850 1326 inspecti,
886 1250 919 1305 ιι
941 1238 1026 1305 dabi-
1060 1254 1128 1300 rum
1160 1254 1221 1299 una
1252 1244 1354 1322 parte.
1379 1244 1428 1302 est
1459 1247 1552 1324 caput
1582 1236 1840 1334 Ptolemaeorum,
1882 1256 1887 1264 ·

245 1361 314 1406 mus
336 1337 425 1406 infra.
438 1337 538 1406 'Noti
561 1340 680 1426 denarii
701 1339 801 1428 gentis
816 1341 953 1410 Gerisiac
972 1341 1025 1406 ha·
1061 1335 1256 1423 (praestabat
1288 1337 1407 1419 dicere,
1451 1337 1539 1405 lovis
1574 1339 1773 1425 Ammonis),
1809 1351 1842 1406 et
1870 1419 1881 1424 ⁵

245 1441 355 1508 Ιιιιι
344 1463 378 1508 ιι
406 1463 467 1510 nna
493 1451 581 1530 parts
606 1452 700 1535 caput
727 1443 879 1511 Monetae
907 1437 1032 1531 scripto
1060 1459 1140 1524 quos
1190 1437 1332 1505 adfirmat
1376 1439 1548 1526 ponderis
1564 1440 1683 1524 Ιοιο,
1710 1442 1841 1559 perinde
2063 1443 2070 1460 '

205 1597 208 1606 .
240 1547 331 1631 juxta
356 1542 567 1626 MONETA,
601 1546 635 1613 in
665 1545 763 1612 altera
788 1548 862 1618 artis
889 1546 1025 1634 ipsein·
1060 1549 1152 1626 atque
1181 1541 1308 1607 Italicos
1334 1537 1408 1608 illos
1433 1543 1545 1623 fuisse,
1580 1565 1681 1632 neque
1702 1545 1769 1610 nisi
1795 1543 1840 1610 fu
2054 1571 2058 1580 ·

138 1665 178 1736 J·
234 1655 431 1727 strumenta,
445 1645 628 1728 incudem,
665 1647 825 1736 malleum,
862 1639 1024 1736 forcipem,
1060 1642 1159 1708 sionis
1202 1662 1264 1758 ope
1294 1646 1436 1731 potuisse
1457 1645 1618 1727 fabricari,
1647 1645 1760 1732 quibus
1787 1643 1840 1712 ad·
1965 1687 1972 1697 ,

244 1747 353 1816 addito
391 1716 477 1836 pileo
515 1747 666 1830 Vulcani,
716 1769 836 1835 nempe
863 1751 917 1836 qui
951 1751 1024 1816 artis
1060 1741 1105 1810 dit
1147 1745 1312 1818 maximam
1336 1758 1471 1836 partem
1516 1767 1697 1829 numerum,
1759 1769 1840 1864 qnos

243 1841 364 1920 fabrilis
386 1870 445 1914 rex
471 1859 503 1914 et
522 1869 652 1934 praeses
673 1847 733 1915 fnit
759 1849 899 1934 habitus,
934 1873 1026 1938 quor
1058 1829 1292 1914 Alexandrinos
1321 1871 1483 1930 vocemus,
1517 1851 1584 1916 sive
1611 1873 1743 1932 aeneos,
1773 1851 1840 1916 sive

216 1973 315 2020 -sum
335 1951 470 2038 pertinet
490 1948 570 2016 illud
592 1948 752 2032 prauum)
851 1997 855 2002 =
983 1959 985 1964 '
1060 1949 1113 2037 qui
1134 1943 1233 2015 miirto
1253 1960 1381 2036 argento
1403 1931 1523 2036 spone)
1539 1962 1693 2018 constant
1740 1937 1846 2016 Additt

335 2055 411 2120 Tace
431 2051 595 2206 mesaia,
630 2060 683 2139 qui
701 2057 805 2122 mrdm
823 2057 902 2124 acles
920 2077 1024 2124 nemos
1057 2050 1132 2117 item
1174 2072 1286 2119 numos
1326 2055 1446 2120 Graece
1486 2056 1653 2142 inscriptos
1693 2052 1839 2119 coloniae

592 2158 750 2238 ριιιιόιιι.
1055 2153 1257 2238 Antiochiae,
1317 2155 1505 2245 aliarumque
1547 2158 1704 2252 Graeciae
1750 2157 1837 2222 colo·
1873 2193 1874 2198 κ

327 2241 424 2324 Numi
455 2241 574 2324 ueteres
610 2267 663 2326 aut
695 2268 768 2326 sunt
799 2257 863 2326 fusi
893 2269 1039 2342 tantum,
1056 2257 1188 2340 niarum,
1234 2256 1367 2346 denique
1410 2279 1451 2323 ex
1490 2259 1591 2326 numia
1623 2260 1743 2326 Latinis
1775 2280 1838 2326 ma·
1938 2289 1941 2306 ι

241 2369 293 2430 ιιι
313 2358 397 2441 fusi,
413 2358 527 2428 deinde
542 2361 719 2447 permissi.
705 2361 779 2428 Dc
800 2363 939 2450 utrisque
960 2363 1022 2429 sin·
1056 2360 1170 2426 ximam
1201 2369 1339 2447 partem
1345 2381 1509 2428 numorum
1535 2361 1676 2440 Postumi
1705 2384 1745 2428 ιι
1767 2382 1839 2428 aere
1910 2393 1915 2400 ·

240 2463 371 2552 gillatim
406 2461 577 2580 agendum,
622 2483 685 2552 quo
723 2471 825 2530 tamen
865 2465 899 2533 in
934 2479 1022 2550 argu
1055 2463 1082 2529 Ι.
1118 2472 1150 2529 ιι
1173 2461 1213 2532 IL
1240 2463 1370 2531 formae.
1424 2463 1555 2530 Adserit
1586 2464 1688 2548 idem,
1724 2465 1837 2531 borum

241 2576 346 2632 mento
374 2566 471 2651 magis
505 2575 573 2632 utar
604 2565 714 2634 alienia
748 2569 940 2656 praeceptis,
971 2570 1022 2653 ju·
1055 2563 1181 2630 fidem
1186 2587 1348 2632 numorum
1386 2587 1581 2654 nequaquam
1625 2589 1694 2634 esse
1730 2587 1837 2654 suspe-

241 2666 392 2754 diciisqne
418 2688 544 2748 eorum,
582 2668 635 2755 qui
662 2671 818 2757 practicae
860 2669 935 2738 huic
964 2671 1021 2737 arti
1059 2676 1153 2750 ctam,
1188 2689 1259 2734 nem
1289 2669 1382 2735 facile
1409 2669 1553 2734 convinci
1585 2669 1710 2736 oculum
1735 2668 1836 2735 erudi·

240 2769 419 2854 meJo'rem
445 2789 572 2855 operam
627 2769 858 2858 impenderunt,
929 2795 1021 2861 quam
1058 2779 1141 2852 tum,
1152 2761 1269 2836 hanc
1318 2771 1430 2836 horum
1470 2791 1633 2835 numorum
1683 2771 1837 2836 fusionem
1945 2777 1949 2787 ‘

242 2868 380 2970 propriis
412 2870 504 2949 meis,
548 2867 663 2937 additis
694 2883 811 2954 tamen,
853 2873 907 2940 ubi
939 2887 1027 2964 οριι
1058 2873 1171 2940 ιιιιιιι
1193 2894 1262 2940 esse
1285 2873 1405 2958 operis,
1435 2892 1499 2936 nors
1522 2870 1713 2956 moderni·).
1735 2872 1836 2936 llaec
1959 2923 1964 2930 .

242 2961 316 3054 crit,
382 2970 522 3055 monitis,
582 2921 931 3064 observationibusque,
987 2989 1022 3048 ut
1058 2979 1125 3061 ejus
1146 2974 1204 3042 riri
1226 2972 1387 3040 dictata
1361 2994 1407 3039 ιιι
1429 2994 1499 3038 esse
1518 2993 1593 3038 vera
1612 2972 1773 3056 existimo,
1801 2982 1836 3040 ut

239 3095 351 3166 spero,
373 3095 440 3142 non
461 3073 633 3144 inutilibus.
1055 3087 1158 3144 tamen
1184 3077 1384 3144 dissentire'
1375 3098 1408 3142 ιι
1436 3073 1596 3143 nonnullis
1614 3095 1719 3162 ..cogar
1768 3073 1834 3140 Ne

202 3221 205 3228 ·
325 3175 449 3246 Numoa
495 3180 610 3248 veteris
655 3162 727 3274 aeri
770 3191 889 3274 tantum
933 3181 1021 3252 fusos
1056 3200 1117 3268 quc
1143 3181 1224 3250 eninr
1253 3180 1460 3269 persuaserit,
1489 3199 1612 3246 crassos
1639 3177 1728 3259 illos,
1755 3184 1834 3265 pon·

114 3361 122 3368 ,
238 3279 322 3348 lrnud
356 3279 450 3350 dubie
484 3281 647 3367 habemus,
688 3307 769 3377 qnos
800 3259 882 3354 inter
916 3305 1021 3352 nume
1056 3282 1200 3374 detisque
1238 3282 1401 3350 insolentis
1436 3303 1552 3348 aeneos
1585 3279 1866 3348 Ptolemaeorum·
1918 3295 1963 3390 ,Ἰ

239 3381 369 3448 randum
409 3403 478 3450 esse
508 3387 747 3456 vetustissimam
777 3397 935 3460 monetam
968 3396 1021 3455 aut
1054 3404 1167 3454 numos
1191 3387 1339 3470 fusione,
1360 3406 1425 3452 non
1446 3385 1579 3464 mallen,
1608 3384 1715 3464 fuisse
1728 3383 1833 3452 elabo·
1883 3429 1890 3443 ι
1986 3455 1994 3465 ,

240 3484 287 3550 ιιι
323 3481 407 3547 dicte
433 3484 607 3570 pondera
616 3467 808 3577 populorum
839 3465 1020 3560 Italicorum
1054 3499 1151 3557 ratos.
1208 3490 1290 3556 Nam
1310 3490 1444 3604 primum
1470 3489 1540 3576 typi
1560 3488 1594 3553 in
1615 3486 1664 3555 his
1686 3509 1752 3554 nou
1772 3495 1834 3556 tam

238 3581 460 3674 Pfflessfflldlfls
501 3593 533 3654 θῑ
566 3587 727 3676 lusigniter
766 3615 887 3677 ιιιιιι,
924 3617 1019 3662 nemo
1054 3591 1117 3660 alte
1143 3601 1282 3680 turgent,
1316 3591 1395 3658 sicut
1424 3588 1457 3654 in
1487 3590 1680 3678 ponderibus
1706 3589 1850 3678 Italicis.
1899 3603 1907 3614 ·

238 3698 301 3770 est,
328 3685 392 3774 qui
413 3695 468 3752 aut
487 3687 627 3773 ignoret,
668 3701 721 3758 aut
746 3697 847 3782 possit
870 3663 1020 3771 dubitare
1054 3693 1113 3770 sed
1149 3705 1221 3762 sunt
1260 3695 1365 3784 operis
1402 3693 1499 3779 magis
1530 3693 1671 3773 humilis,
1723 3691 1835 3780 cuique

238 3789 282 3858 Vt
301 3795 494 3880 praeteream
525 3799 609 3858 certa
629 3790 762 3861 frisionis
783 3796 912 3881 indicia,
940 3819 1019 3886 quac
1053 3797 1232 3886 peragendo
1261 3795 1353 3864 facile
1380 3794 1509 3862 malleus
1536 3791 1679 3880 perfurit
1737 3793 1832 3858 Dein·

239 3891 400 3960 oculum'
390 3913 424 3958 ιι
451 3891 512 3958 Ιιιι
537 3899 627 3981 parte
648 3895 701 3962 vel
728 3896 840 3967 leviter
866 3900 1034 3968 eruditum
1054 3899 1094 3967 de
1132 3920 1314 3988 quacunque
1350 3888 1490 3964 adhibita
1530 3881 1626 3984 opera
1644 3892 1833 3961 observare

238 3991 373 4082 effugere
413 4015 488 4068 non
521 4007 672 4084 possunt,
724 4000 884 4091 utriusque
922 4003 1018 4092 partis
1052 4003 1192 4069 nondum
1224 4001 1310 4068 licuit
1325 4013 1505 4090 praetensa
1535 3997 1592 4064 illa
1624 3993 1796 4062 fusionis
1786 4015 1831 4062 rn-
1881 4023 1886 4031 ·

239 4093 353 4182 figurae
388 4096 478 4166 ultius
512 4105 685 4184 castam,
697 4123 791 4192 quam
823 4114 857 4194 pt
884 4129 1018 4196 quocun·
1053 4105 1150 4188 dicia,
1181 4104 1257 4194 quin
1287 4113 1369 4170 certe
1403 4101 1507 4173 mallei
1540 4097 1716 4200 testimonia
1744 4117 1831 4188 prae·

241 4217 300 4284 que
327 4199 431 4268 mallei
457 4201 489 4270 ui
510 4202 556 4270 sic
576 4205 754 4292 potuissent
774 4206 888 4304 efl'urgi.
932 4211 1018 4300 Lege
1053 4209 1107 4277 bet
1133 4229 1199 4276 non
1223 4206 1321 4274 modo
1349 4206 1507 4288 foramen,
1546 4201 1669 4290 quod'
1660 4193 1693 4270 ui
1719 4201 1832 4270 horum

767 4365 938 4378 ...ᾳ-,,,...
1545 4353 1770 4366 ...ι-...μημ-
1779 4350 1831 4364 -tn

185 4425 187 4434 ’
303 4431 530 4506 r)r···tr·⁶³t·
620 4441 859 4512 winetmar.
947 4445 1019 4514 ιι,
1040 4445 1427 4502 materiatarum.
1515 4435 1832 4508 turritanum-

237 4533 293 4572 ’Μ
309 4537 367 4589 Μ·
385 4517 425 4574 25·
494 4521 520 4591 t)
538 4523 647 4598 Paralip.
665 4527 693 4582 in
711 4529 827 4602 nempe
843 4549 901 4602 pafl-
920 4528 980 4585 162.
1048 4530 1081 4600 u)
1100 4531 1166 4586 llirt.
1183 4536 1268 4600 rbrtp.
1286 4531 1318 4586 Τ.
1334 4530 1377 4584 ΙΙΙ.
1394 4544 1450 4599 pap.
1466 4517 1543 4582 ιιι,
