4438 5462
755 531 759 542 ·
868 516 896 526 “’
982 471 1490 640 ιιιίιιιίιο..

231 790 233 799 Ι
290 705 312 785 ’,
404 697 543 834 aperuit
565 697 603 774 in
631 697 813 818 prooemio
839 699 916 801 ejus
942 701 1068 832 operis,
1093 687 1209 804 quod
1217 685 1413 804 Specr'r'rren
1437 698 1626 804 universae
1644 703 1700 778 rei
1711 701 1911 780 numeriae
1927 729 1997 778 un·

375 871 529 974 adquae
555 851 732 1000 appellare
758 867 925 994 placuit
932 865 981 946 Et
1007 885 1080 944 erat
1105 868 1324 947 Morellius
1313 900 1348 946 rs
1368 872 1442 961 vir,
1456 871 1517 973 q‘ui
1535 888 1681 976 propter
1701 867 1970 946 incredibilem
1958 899 1996 948 ιιι

171 1025 173 1034 ’
298 1048 301 1059 ’
399 1038 489 1114 haee
513 1033 627 1148 studia
652 1031 845 1126 adlectum,
877 1052 954 1112 tum
980 1054 1016 1112 et
1040 1034 1290 1162 eruditionem
1291 1065 1364 1162 non
1390 1023 1587 1142 vulgarem,
1617 1055 1724 1142 atque
1749 1036 1786 1113 iu
1813 1035 2025 1166 pingendis¹

303 1201 314 1228 ‘
401 1205 517 1287 onmis
542 1232 616 1280 uon
621 1200 876 1290 adsiduitatem
901 1199 1020 1290 modo',
1045 1199 1107 1276 sed
1132 1219 1168 1306 et
1182 1147 1431 1280 dexteritatem
1455 1195 1549 1280 unus
1575 1185 1640 1308 par
1664 1203 1750 1282 huic
1773 1202 1978 1282 consilio
1942 1233 1994 1280 vr·

399 1335 475 1446 deri
508 1385 654 1474 poterat.
690 1339 754 1446 At
786 1399 872 1486 xero
905 1397 987 1446 cum
1010 1370 1126 1472 operis
1151 1400 1205 1478 ιρι
1194 1359 1313 1448 fmcs
1338 1344 1523 1474 longius
1498 1372 1710 1480 porrigeret,
1736 1345 1845 1490 quam
1868 1363 1998 1476 quibus

330 1551 365 1640 ἰ
400 1523 462 1611 aut
492 1535 644 1668 hominis
675 1537 762 1628 rita,
795 1555 856 1630 aut
879 1537 1007 1638 privata
1029 1555 1191 1642 sumptus
1217 1506 1442 1628 sulficerent,
1475 1535 1624 1615 subinde
1648 1535 1856 1618 adversum
1880 1535 2001 1614 Galliis
2035 1547 2038 1558 '
2082 1623 2085 1629 t

150 1745 152 1752 ν
263 1685 291 1820 ’ρ
365 1700 508 1852 ιιιιιο
497 1659 662 1820 palatiis,
692 1701 738 1777 ad
771 1708 964 1800 extremum
995 1721 1162 1782 tentatus
1171 1703 1389 1793 valetudine,
1423 1731 1516 1808 quae
1547 1703 1748 1807 etingenii',
1772 1722 1808 1780 et
1824 1703 2001 1780 membro-

286 1935 297 1956 .
375 1833 482 1948 'mitt
513 1897 619 1986 usum
649 1867 896 1973 impediverat,
927 1901 970 1948 ex
1001 1851 1167 1974 congesto
1199 1889 1253 1948 tot
1288 1899 1462 1948 annorum
1494 1887 1681 1974 apparatu
1697 1869 1794 1952 aliu'd
1822 1899 1895 1946 non
1919 1855 2018 1950 relt'

402 2036 480 2139 quit
513 2063 620 2158 quam
651 2014 850 2114 tabularum
883 2067 1087 2116 aenearum
1103 2017 1283 2172 ιοιιιιιιιιιι
1298 2028 1397 2128 duo,
1426 2038 1604 2170 praeclara
1626 2037 1685 2114 illa
1717 2037 1861 2169 quidem
1895 2021 2003 2142 atque

401 2199 515 2296 utilia,
545 2197 624 2278 sed
635 2231 791 2306 quorum
815 2205 940 2308 utique
964 2204 1066 2305 latius
1089 2223 1226 2352 pateret
1248 2209 1353 2296 usus,
1383 2205 1412 2281 si
1434 2215 1508 2282 no'n
1535 2203 1671 2282 deesset
1691 2201 1796 2297 limae
1820 2203 1936 2296 labor,
1967 2223 2003 2281 et

289 2435 295 2444 .
403 2365 521 2472 quos
525 2367 569 2444 ad
598 2367 821 2449 illustrandos
854 2381 983 2454 numos
1015 2345 1224 2480 paraverat,
1248 2371 1499 2453 commentarii
1556 2370 1710 2450 Motellii
1740 2351 1892 2490 vestigiis
1922 2371 2026 2513 insi,

335 2535 340 2552 '
403 2534 496 2613 stens
520 2533 717 2660 Alexander
740 2537 905 2668 Panelius
931 2539 1068 2630 Gallus,
1083 2559 1129 2618 et
1151 2543 1228 2646 ipse
1252 2541 1305 2641 ιιι
1327 2531 1455 2618 eximie
1481 2537 1662 2631 eruditus,
1687 2505 1903 2644 multique
1891 2569 1929 2616 m
1961 2569 2001 2616 re

252 2791 256 2803 .
284 2761 294 2787 ι
325 2787 328 2795 ,
402 2691 644 2782 numismatica
678 2734 781 2798 usus,
808 2705 880 2785 sub
905 2709 1017 2788 finem
1027 2702 1177 2798 libris
1165 2683 1203 2785 m
1228 2716 1301 2814 quo
1325 2707 1619 2812 Cistophortr'rum
1643 2723 1809 2785 naturam
1829 2659 2004 2844 explicuit,

402 2863 541 2974 aperuit
554 2833 766 2992 sensilium
787 2865 859 2958 nori
891 2865 1008 2956 minus
1003 2845 1241 2956 Morelliano
1265 2881 1403 2962 vastum
1426 2895 1720 2984 porrectumque,
1732 2906 1818 2982 quo
1843 2876 2005 2954 omnium·

354 3043 358 3052 ⁴
403 3029 585 3140 ordiinum,
621 3015 877 3147 nationumque
911 3078 1039 3126 numos
1072 3067 1206 3126 veteres
1241 3073 1363 3124 omnes
1396 3047 1467 3122 aeri
1491 3047 1619 3152 incisos
1644 3045 1904 3145 explicatosque
1926 3017 2004 3124 vtil-

291 3289 293 3298 ,
381 3228 566 3312 ·gatnrum
582 3213 627 3300 in
650 3239 687 3284 se
710 3219 901 3308 receperat.
950 3213 1180 3311 Propositum
1205 3239 1309 3286 suum
1334 3237 1410 3311 quo
1431 3207 1548 3284 minus
1570 3221 1763 3310 perageret,
1788 3221 1911 3284 utrum
1928 3224 2002 3294 tur-

322 3391 323 3396 ’
400 3375 536 3480 baverit
569 3402 664 3449 mors
696 3373 898 3457 immatura,
939 3361 1016 3472 qn,
1041 3365 1139 3492 quod
1171 3375 1289 3453 verius
1324 3351 1496 3465 existimo,
1529 3370 1755 3456 absterruerit
1774 3373 1896 3476 ,moles
1926 3353 2001 3456 ιιοιι

294 3595 297 3608 ·
404 3543 484 3620 satis
510 3539 676 3692 praevisa,
701 3549 775 3615 non'
797 3515 940 3616 constat.
990 3539 1112 3618 ¹Nihil
1108 3569 1200 3618 sane
1225 3541 1302 3642 ejus
1324 3541 1511 3645 posthaec
1527 3537 1696 3645 promissa
1713 3544 1919 3648 comparuit,
1937 3531 1998 3623 sed

382 3711 512 3814 ”quam
538 3685 604 3786 nos
620 3707 789 3808 jacturam
808 3701 995 3840 possumus
1009 3709 1129 3813 aequo
1146 3709 1264 3787 animo
1281 3708 1384 3784 lerrc.
1436 3712 1530 3788 Nam
1547 3707 1610 3812 qui
1626 3708 1663 3786 in
1681 3703 1772 3786 binis
1788 3709 1893 3802 libris,
1910 3737 2001 3817 quos
2027 3817 2032 3822 .

215 3939 223 3946 .
322 3959 341 3968 Η
366 3927 373 3948 ι
395 3881 450 3958 -dc
481 3908 598 3960 numo
628 3877 920 3980 Tarraconensi,
945 3879 1061 3954 etde
1094 3903 1198 3982 onno
1223 3877 1296 3956 XI.
1323 3836 1538 3956 Treboniani
1563 3873 1732 4000 vrdgavit,
1756 3833 2000 3957 absurdissima

405 4073 579 4148 quaeque,
605 4064 641 4124 et
665 4027 799 4125 veritati
825 4041 1010 4125 historicae
1036 4041 1139 4152 plane
1166 4003 1381 4128 adversantia
1407 4019 1602 4135 adfirmare,
1625 4071 1666 4119 er
1689 4060 1881 4122 numerum
1905 4047 2000 4152 testi·
2052 4093 2060 4118 .

288 4271 295 4292 ι
402 4212 529 4290 moniis
555 4195 695 4316 potuit,
726 4211 861 4318 quique
892 4211 1008 4319 palam
1034 4215 1192 4318 profiteri
1218 4202 1291 4293 non
1317 4193 1522 4302 dubitarit,
1540 4189 1688 4287 fastidita
1709 4237 1926 4316 quacunque
1949 4209 2000 4292 sa·
2027 4207 2038 4218 ⁸

404 4399 553 4470 storum,
583 4380 777 4472 annalium,
810 4382 1019 4486 scriptorum
1035 4379 1133 4473 ‘fide,
1164 4412 1235 4460 una
1260 4410 1451 4490 numerum
1477 4409 1547 4484 ope
1570 4407 1689 4456 reram
1709 4375 1846 4483 imperii
1871 4387 2001 4458 Roma·
2040 4475 2045 4483 .

262 4550 291 4597 Ὺ
403 4547 438 4624 ni
462 4516 644 4661 historiam
675 4525 903 4654 scripturum,
935 4551 964 4626 is
999 4549 1159 4652 profecto
1192 4547 1469 4654 experimentum
1502 4543 1613 4639 dedit,
1646 4576 1753 4653 quam
1776 4543 1834 4626 ille
1855 4567 2000 4652 'perver-
