4392 5490
169 467 178 482 ’·
262 403 568 578 ,χ’-.ὲεηκ
901 433 1520 562 nsces'smrnrne'
1655 537 1673 546 ,.

300 627 303 636 ’
402 631 504 742 pebris
523 631 578 712 iis,
605 649 687 719 quas
704 629 737 696 in
758 628 875 696 saeculi
896 627 937 697 ab
957 631 1008 710 V.
1021 632 1057 698 C.
1081 630 1180 718 quinti
1214 631 1290 720 bare
1309 619 1380 712 'nen
1408 655 1504 723 posse
1524 633 1708 700 elementum
1735 633 1784 717 Ω,
1819 599 1925 722 quod,
1960 646 1997 702 ut

402 731 557 813 artefaqtis
593 729 716 797 demum
756 731 911 818 reperias,
955 732 1030 806 setis
1073 733 1181 818 cogni·
1213 731 1322 814 fertur,
1365 732 1544 816 Simonides
1571 754 1706 802 coaevus
1732 736 1764 800 in
1794 733 1998 828 alphabetum

233 913 259 928 ..
330 867 333 880 ·
374 841 453 900 tus
475 842 524 898 est
543 851 584 896 ex
605 831 705 895 uumis
725 825 871 913 Zanclen,
894 831 1076 920 Messanae,
1097 833 1179 899 lihe-
1213 834 1355 919 invexit,
1371 845 1403 900 at
1422 836 1450 902 is
1471 855 1665 923 nequaquam
1686 839 1712 902 S
1730 835 1763 899 iu
1786 835 1837 916 Σ,
1860 845 1892 902 ct
1910 838 1996 914 R,in

402 933 461 1023 gii,
493 953 573 1020 quos
595 952 664 996 esse
686 919 802 1022 saeculi
823 933 878 1000 ΠΙ.
895 932 1089 1000 indubitatos
1105 944 1179 1020 par·
1213 935 1256 1020 Ρ,
1293 943 1325 999 et
1347 936 1433 1001 Cin
1447 943 1478 1002 Ρ
1501 935 1686 1018 immutavit,
1721 937 1809 1020 eujus
1831 927 1996 1004 metamor·

402 1043 468 1114 tus,
491 1042 523 1098 et
542 1025 603 1126 ipsi
616 1030 732 1098 Geloni
753 1053 888 1100 coaevos
910 1055 968 1100 suo
984 1031 1059 1099 loeo
1072 1053 1180 1100 monu-
1213 1032 1323 1120 pbosis
1349 1038 1431 1102 ratio
1458 1059 1477 1102 a
1503 1035 1579 1104 sule
1601 1049 1660 1102 usu
1685 1045 1717 1101 et
1741 1035 1872 1103 libidine
1898 1040 1994 1105 Grae·

328 1159 333 1169 ·
402 1136 491 1230 imus.
559 1132 631 1198 Hos
657 1118 694 1198 εἴ
712 1153 781 1198 eum
808 1133 921 1202 horum
946 1155 1051 1220 regum
1078 1134 1179 1200 nuntie
1213 1151 1321 1198 corum
1346 1137 1594 1219 νεωτεριζοντων
1615 1135 1785 1224 petenda„
1808 1139 1937 1220 Confer,
1965 1142 2002 1206 si·

402 1232 591 1316 contendas,
606 1233 733 1322 'patebit
756 1244 865 1322 suapte
887 1233 1069 1317 discrimen,
1093 1234 1180 1322 quod
1212 1232 1314 1314 lubet,
1359 1237 1578 1324 inscriptiones
1614 1239 1883 1321 MESSENION,
1920 1243 1993 1307 lili-
2037 1303 2041 1320 ,

404 1331 496 1404 omne
539 1336 694 1432 continuo!
732 1336 834 1422 possit
876 1331 1005 1402 dubium
1035 1335 1178 1415 eximere,
1213 1337 1327 1414 CION,
1370 1357 1447 1423 quas
1478 1336 1563 1424 apud
1594 1328 1816 1415 Messanenses
1848 1351 1880 1407 et
1911 1339 1993 1409 Rhe·

402 1429 504 1505 sintne
546 1435 609 1514 iis,
659 1455 791 1523 quorum
833 1429 955 1522 effigies
992 1434 1178 1524 praeierunt,
1212 1436 1304 1520 ginos
1340 1419 1479 1514 entismo
1509 1436 1640 1529 Gelonis
1676 1449 1819 1526 tempore
1848 1441 1993 1527 ventsse,

401 1536 574 1622 synchroni
594 1535 747 1620 habendi,
785 1545 816 1604 et
836 1537 1005 1618 mirabere,
1038 1537 1179 1620 potuisse
1212 1521 1286 1602 satis
1309 1536 1343 1602 iu
1369 1536 1538 1604 Messanae
1564 1540 1665 1606 rrumis
1699 1539 1915 1630 comprobavi,
1959 1553 1994 1612 et
2021 1526 2026 1548 ’

255 1622 258 1633 ’
340 1633 347 1648 ’
401 1639 494 1706 etiam
521 1638 581 1704 hos
613 1659 739 1720 numos,
777 1636 870 1724 quod
887 1637 926 1704 ab
949 1638 1092 1704 euntibus
1114 1635 1178 1701 fere
1211 1635 1384 1702 literanum
1404 1659 1530 1705 omnes·
1558 1639 1661 1726 apices
1705 1663 1774 1708 eum
1814 1643 1866 1728 iis,
1908 1666 1990 1731 quos

376 1740 551 1828 ,haetenus
571 1737 752 1818 factitatum,
781 1759 839 1825 pro
862 1737 1083 1825 antiquissimis
1104 1749 1176 1836 veq-
1212 1739 1407 1804 controversi
1427 1739 1463 1806 hi
1484 1741 1569 1807 ntuni
1596 1740 1743 1824 offerunt,
1776 1749 1891 1816 et'tum
1910 1735 1991 1812 aude

281 1906 287 1919 Χ
402 1841 503 1921 ditari,
526 1841 720 1926 quusuobis
742 1841 907 1927 antiquitas
928 1839 1053 1924 reliquit
1071 1859 1177 1924 super·
1210 1848 1328 1904 tantam
1371 1837 1459 1922 illis,¹
1495 1839 1656 1929 quentam'
1675 1844 1882 1932 praetendis,
1910 1855 1989 1912 aeta

401 1943 506 2022 stites,
533 1941 620 2028 quod
639 1951 724 2008 certe
746 1950 850 2030 erunt,
863 1941 911 2005 esi
932 1939 1045 2004 fuerim
1065 1937 1177 2026 priuci-
1210 1949 1272 2007 tem
1304 1939 1449 2008 tribuere.
1516 1944 1635 2012 Habuit
1667 1941 1825 2012 bacculum
1858 1944 1990 2034 quodvis

400 2043 508 2128 pibus,
532 2062 664 2129 quornm
685 2043 812 2109 nomina
829 2039 995 2121 sustinent,
1019 2041 1134 2106 coaevi.
1208 2050 1284 2105 ante
1311 2039 1467 2128 Christum
1492 2053 1598 2133 nuum
1628 2046 1784 2131 propriam
1821 2047 1885 2113 sibi
1917 2048 1990 2112 scri·

330 2221 332 2226 ¹
485 2143 525 2210 11.
548 2196 554 2206 „
575 2141 716 2208 Alterum
746 2151 956 2228 argumentum
984 2161 1049 2208 uon
1078 2141 1188 2206 mutas
1212 2141 1308 2206 bandi
1336 2141 1436 2228 legem
1464 2153 1495 2208 et
1519 2143 1740 2211 elenentorum‘
1767 2139 1898 2214 formam
1925 2167 1991 2211 non

290 2257 298 2274 ·
400 2243 520 2310 firmum
540 2263 581 2310 ex
601 2244 670 2329 ipsa
692 2243 859 2328 epigraphe
881 2231 982 2330 cepio.¹
1033 2242 1178 2328 Sequitur
1207 2244 1312 2310 minus
1340 2253 1433 2329 atque
1452 2243 1575 2310 saecula
1602 2256 1675 2330 post
1697 2245 1855 2322 Christum
1875 2257 1992 2312 natum.

371 2342 479 2406 ·heec
499 2340 634 2406 eandetn
660 2341 776 2426 legem,
790 2361 793 2369 ’
807 2353 840 2407 et
865 2343 960 2428 ipsae¹
978 2342 1085 2408 literae
1106 2361 1176 2407 eau-
1211 2343 1262 2408 An
1282 2343 1417 2410 ueniam
1448 2343 1631 2430 mereberis,
1673 2345 1718 2432 si,
1737 2343 1827 2410 voles
1866 2346 1988 2412 codicis

287 2431 290 2440 ’
402 2441 482 2507 dem'
498 2441 646 2521 sormam,
683 2460 775 2528 quem
803 2439 926 2506 duobus
952 2461 1021 2507 cum
1046 2440 1176 2508 dimidio
1211 2427 1314 2522 nianu,
1327 2443 1442 2509 exarati
1467 2442 1586 2508 natales
1615 2441 1655 2506 ad
1677 2441 1840 2538 xsaeculum
1867 2444 1908 2509 it
1932 2465 1984 2510 re·

293 2575 297 2582 ·
401 2541 656 2612 saecudis'serius
682 2541 821 2632 videmus
850 2541 991 2608 obtinere
1017 2543 1051 2608 in
1076 2543 1177 2608 numis
1210 2545 1306 2626 ferre,
1351 2565 1441 2630 quern
1465 2543 1623 2610 literarum
1647 2537 1747 2608 forma
1771 2561 1843 2608 esse
1870 2543 1990 2609 saectdi

401 2643 590 2725 Hieronymi
631 2643 764 2731 aliisque
799 2643 996 2726 synchronis.
1059 2643 1185 2710 Videre
1208 2645 1297 2712 XIII.
1326 2653 1448 2732 partum
1468 2643 1613 2722 evinciti'
1654 2639 1778 2722 Video,
1809 2642 1877 2725 his,
1908 2663 1990 2731 quae
2014 2633 2029 2660 ⁸

401 2746 491 2811 etiam
512 2745 545 2810 in
568 2743 711 2824 omuibus
728 2744 783 2810 ‘his
804 2753 853 2810 est
873 2743 994 2810 literam
1016 2743 1064 2825 Ω,
1087 2743 1175 2829 cnjus
1207 2745 1307 2817 mode
1356 2745 1444 2826 dixi,
1509 2753 1616 2834 aperte
1660 2761 1834 2830 repugnare
1875 2763 1988 2810 numos

323 2853 326 2858 '
395 2853 539 2935 repertor
581 2846 759 2918 Simonides
799 2835 860 2912 ‘etsi
901 2855 981 2912 teste
1022 2865 1177 2912 mamere
1209 2847 1337 2914 omnino
1361 2847 1506 2934 quinque,
1529 2866 1610 2933 qnos
1631 2843 1779 2931 Priuueps
1795 2845 1838 2910 Τ.
1849 2843 1897 2910 Μ.
1912 2865 1987 2911 con·

325 2989 335 2998 -
398 2949 612 3018 Arundeliano
634 2953 700 3033 jam
727 2937 858 3016 Geldnis
887 2956 999 3028 aetate,
1032 2957 1065 3013 et
1095 2955 1175 3014 teste
1207 2947 1304 3014 fertos
1326 2949 1478 3036 proponit
1498 2943 1606 3014 tabula
1625 2944 1772 3012 XCVIII
1794 2965 1824 3014 n.
1847 2949 1985 3015 11-15.

400 3045 551 3127 Cicerone
574 3049 723 3115 Hieronis
744 3051 892 3116 lraetate
907 3049 1009 3129 vixit,
1053 3047 1174 3114 etcum
1205 3049 1241 3116 iu
1267 3071 1398 3136 quorum
1424 3071 1486 3114 una
1514 3059 1601 3134 perte
1634 3045 1780 3136 seriptum
1807 3047 1992 3125 TEAAE,

397 3154 462 3220 hoc
487 3163 536 3220 est
562 3149 802 3238 philosophatus
816 3149 862 3235 ¹³),
906 3159 1009 3240 nmen
1030 3169 1174 3236 cuperem
1206 3154 1239 3216 in
1265 3151 1362 3216 alters
1388 3149 1551 3228 Ib'Piltl',
1583 3145 1634 3213 vel
1654 3145 1895 3242 ΙΕΒΩΝΟΣ,,
1914 3143 1986 3210 lite-

311 3313 326 3340 ..
397 3253 503 3321 videre
518 3289 522 3296 -
536 3253 605 3318 aevi
634 3251 765 3317 Gelonis
796 3259 1025 3316 monumentum
1057 3259 1173 3318 certum
1194 3251 1249 3318 'ris
1288 3257 1528 3338 ¹nequaquem·
1555 3255 1693 3323 vetustae
1739 3250 1807 3332 ejus
1846 3245 1984 3327 torum,

397 3356 463 3420 sive
488 3371 632 3429 numum,
669 3351 735 3416 eive
762 3359 913 3430 mmmor,
949 3349 982 3414 In
1010 3349 1097 3435 quod
1126 3373 1173 3418 re·
1208 3351 1331 3439 qualem
1371 3351 1404 3416 in
1441 3349 1573 3416 Celorn‘s
1615 3347 1827 3435 Hieronisque
1860 3355 1987 3414 monna

396 3463 505 3540 ceptus
526 3460 663 3542 exstaret
684 3449 824 3517 novicius
845 3451 873 3517 is
895 3449 1062 3515 character.
1094 3452 1174 3533 Syn·
1206 3453 1317 3537 exigo,
1344 3449 1401 3517 sed
1423 3453 1504 3535 ejus,
1540 3469 1601 3536 qua
1622 3449 1772 3516 Hieronis
1794 3450 1834 3514 IL
1856 3459 1888 3515 et
1908 3447 1986 3514 Hie-

396 3554 535 3622 ehrunos
559 3563 643 3617 sane'
668 3571 735 3618 non
766 3551 881 3620 invitus
913 3551 1091 3630 crederem,
1134 3553 1172 3634 si,
1189 3553 1331 3634 ‚ronymi
1368 3551 1453 3617 numi
1485 3549 1590 3616 solent
1621 3549 1776 3637 insigniri,
1819 3559 1852 3615 et
1883 3557 1993 3626 lunen,
2038 3547 2047 3554 “

360 3704 365 3718 .
396 3669 430 3724 nt
459 3659 492 3722 in
523 3653 736 3722 vetustissimis
775 3655 895 3722 urbium
926 3646 1026 3721 numis
1043 3649 1173 3738 'legitur
1200 3653 1316 3720 nemis
1343 3649 1404 3718 bos
1430 3658 1516 3719 recte
1543 3649 1678 3717 Hieroni
1709 3651 1733 3716 1.
1765 3647 1873 3728 tribuit
1896 3650 1984 3716 l‘rin·

270 3740 288 3786 '⁴
393 3753 661 3838 mamarius,
683 3757 859 3838 sacroru,
886 3757 1091 3834 armans,
1104 3755 1171 3822 cn
1205 3775 1279 3842 aspa
1315 3753 1478 3838 ernanus,
1521 3753 1670 3840 quonam
1704 3760 1844 3832 omnent,
1888 3749 1983 3825 ceo-

393 3861 503 3942 LAZ,
533 3863 579 3926 sic
594 3860 639 3926 -in
661 3857 709 3924 his
732 3859 885 3945 legeretur
906 3860 998 3922 enam
1020 3858 1172 3942 scriptura
1204 3875 1276 3924 aem
1319 3855 1407 3922 edito
1448 3857 1672 3937 Syracusarum
1714 3853 1887 3942 principatu
1919 3851 1982 3916 Ce-

392 3951 479 4025 recta
512 3961 562 4024 vel
585 3959 803 4046 retrograda.
825 3949 1033 4036 CELONOS,
1077 3957 1170 4028 HIE-
1204 3957 1266 4026 lam
1281 3993 1284 4002 ‚
1301 3955 1435 4023 Hieroni
1472 3955 1560 4021 fratri
1593 3955 1810 4042 commisisses
1854 3941 1982 4034 Fateor,
2121 3985 2128 4002 ·

318 4131 321 4136 ,
391 4061 550 4136 BONOS,
596 4061 753 4144 THERO,
789 4060 1069 4138 anennoeton,
1108 4077 1169 4146 pro
1204 4079 1254 4124 me
1289 4057 1450 4144 principie
1482 4055 1583 4122 nemis
1617 4057 1682 4138 his,
1726 4055 1780 4144 qui
1812 4052 1986 4120 sententiae

243 4233 247 4244 ,
391 4165 425 4230 Γ
426 4159 630 4238 antinus,
666 4153 893 4242 ΙΕΡΩΝΟΣ,
928 4156 1062 4241 enfil,
1088 4160 1174 4242 ΣΤ·’
1204 4179 1291 4226 meae
1311 4157 1405 4244 plane
1426 4156 1646 4246 adumenntur,
1671 4177 1738 4239 nou
1758 4155 1868 4223 leviter
1884 4151 1985 4222 tutae

363 4260 654 4342 rAKoztstn.
716 4261 833 4348 Atque·
848 4271 882 4328 ut
902 4259 1033 4344 demus,
1063 4261 1169 4329 obtur·
1205 4269 1408 4340 commotum
1442 4268 1474 4324 at
1500 4279 1569 4324 curn
1595 4257 1713 4356 ,dende
1739 4257 1894 4338 viderem,
1925 4275 1985 4322 eos

390 4414 883 4436 -o-m-po--n——o—-u—n———u—

772 4437 774 4446 v

457 4479 489 4546 p)
505 4483 539 4535 de
551 4469 607 4534 nu·
626 4480 698 4554 deor.
714 4479 743 4534 l..
760 4481 778 4532 l.
796 4501 820 4534 c.
838 4483 880 4535 22.
