4448 5476
859 442 1278 516 carvr'xxlt.
1397 537 1405 546 ‚
1499 521 1502 528 ,
1764 467 1933 522 enutr-

355 611 445 700 opus
479 608 698 695 conspicuum,
735 601 767 674 at
791 604 894 672 multo
928 605 1052 693 11101οή·
1085 607 1156 672 iiffi
1177 577 1261 674 I⁰¹⁰
1277 579 1387 689 ‘fliissli
1415 625 1538 672 ¹¹¹⁰¹u¹¹¹
1563 616 1743 695 Prieoel'iir
1773 629 1863 694 quam
1947 575 1954 588 ·
1989 599 1994 604 Ι
2023 583 2039 643 1'

269 711 328 778 bus
350 711 486 780 futurum
514 711 647 796 matius,
678 707 860 796 utiliusque,
890 708 918 774 si
944 717 1052 775 auctor
1086 707 1276 794 antiquitatis
1300 705 1481 772 'doctrinam
1513 707 1664 792 doceant,
1704 731 1770 776 non
1801 731 1862 777 am·

205 891 212 900 .
270 814 395 880 omissis
422 812 623 898 conjecturis·
639 831 733 899 saepe
759 809 897 891 frivolis,
927 819 958 876 et
985 831 1051 878 eru·
1084 808 1167 894 plius
1188 829 1377 896 magnopere
1399 809 1563 896 expetitur.

271 915 400 993 ditionis
427 914 528 980 eluvie
554 932 649 999 saepe
674 913 801 990 nimium
828 911 924 998 louge
951 933 1051 978 arcea-
1096 967 1100 970 .
1677 929 1688 958 r
1757 973 1759 980 ,

271 1016 366 1096 s,itae
393 1036 489 1101 saepe
516 1037 535 1082 a
562 991 795 1084 causa'alienae
817 1014 965 1080 arctiores
990 1012 1050 1080 sibi
1171 975 1263 1044 m·
1295 979 1498 1046 JOANNES
1517 980 1774 1068 HARDVINVS·

235 1189 240 1198 ,
272 1117 350 1184 fines
384 1117 644 1204 praescripsisset.
711 1113 800 1180 Ferri
835 1124 939 1182 tamen
971 1113 1050 1180 haec
1096 1117 1099 1122 “
1170 1112 1317 1179 Omnium
1351 1113 1549 1180 confessione
1579 1123 1614 1180 nt
1644 1115 1693 1182 vir
1725 1134 1865 1210 summae
1991 1181 1995 1184 .

188 1279 192 1290 .
271 1229 417 1308 possent,
444 1218 502 1285 sed
531 1218 629 1284 multo
652 1191 806 1284 absterret
826 1218 923 1302 magis
946 1217 1048 1282 oratio
1083 1212 1268 1280 eruditionis
1290 1225 1322 1280 et
1343 1215 1571 1306 perspicaciae
1597 1217 1641 1283 ita
1661 1205 1782 1302 ingenii
1798 1218 1859 1282 sin·
1910 1233 1915 1244 ’

272 1319 350 1388 dura
371 1331 402 1386 et
423 1318 591 1406 indigesta,
620 1341 688 1385 cum
710 1318 830 1385 auctori
851 1340 950 1406 pravo
973 1339 1047 1384 eon·
1081 1314 1212 1408 gularis',
1241 1317 1292 1380 cui
1318 1317 1408 1402 turpe
1428 1317 1528 1384 uisum
1554 1319 1658 1384 sensui
1683 1341 1753 1384 sese
1775 1341 1858 1383 com·
1924 1341 1926 1346 ·

272 1424 357 1496 silio
365 1423 501 1488 venisset
522 1423 556 1487 in
576 1430 711 1488 mentem
739 1419 937 1507 dialogorum
958 1419 1071 1506 sequi
1066 1418 1169 1482 muni
1206 1417 1401 1506 auplicem,
1424 1420 1515 1484 edam
1551 1429 1629 1501 tum,
1673 1441 1742 1498 cum
1776 1417 1859 1486 istud
1878 1413 1894 1498 J
1933 1401 1943 1424 ‘

270 1527 421 1593 rationem
468 1524 745 1592 interlocutoribus
794 1521 1054 1610 Archaecpbilo,
1082 1519 1196 1586 veritas
1238 1528 1271 1585 et
1311 1540 1390 1586 sana
1432 1521 1512 1586 ratio
1555 1521 1657 1606 palam
1698 1523 1858 1608 flagitaret.

271 1637 302 1694 et
321 1627 508 1705 Dulodoro,
541 1627 629 1714 quod
656 1623 814 1692 scribendi
842 1647 955 1711 genus,
988 1623 1051 1690 nisi
1085 1621 1191 1699 Quare
1229 1641 1325 1708 opera
1361 1624 1428 1706 ejus
1466 1609 1679 1690 numismatica
1716 1623 1778 1700 (de
1809 1623 1859 1690 his

261 1731 431 1808 Veneres,
478 1727 683 1814 charitasque
725 1726 877 1793 calamum
920 1723 1049 1807 ducant,
1084 1733 1200 1790 tantum
1227 1723 1303 1788 mibi
1334 1731 1461 1799 sermo)
1495 1735 1529 1791 ut
1559 1748 1625 1792 non
1656 1723 1859 1813 aspernanda,

190 1821 197 1828 ⁸
273 1854 353 1919 quae
382 1831 508 1914 Begero
531 1850 689 1914 nunquam
711 1827 876 1894 adfulsisse
896 1827 1050 1914 videntur,
1085 1825 1158 1912 quia
1182 1822 1294 1890 multa
1305 1846 1381 1891 sana
1406 1825 1567 1914 praeclara
1600 1829 1775 1909 continent,
1819 1827 1862 1891 ita
1897 1867 1903 1882 ·

269 1930 453 2010 obscuram,
495 1930 720 2018 molestamque
749 1927 844 1995 efficit
870 1930 1051 1995 orationem.
1072 1923 1220 1993 taedium
1246 1926 1422 2014 legentibus
1448 1941 1578 2018 propter
1612 1931 1796 2017 opinionum
1823 1927 1860 1992 li-
1904 2013 1906 2018 Ι

272 2033 360 2099 Istud
389 2040 520 2120 certum,
556 2053 607 2108 me
632 2053 803 2120 nunquam,
831 2033 892 2098 nisi
918 2031 1051 2108 reniten·
1086 2031 1218 2096 centiam
1240 2027 1391 2096 adferunt
1427 2031 1510 2098 Rara
1531 2033 1623 2118 igitur
1643 2030 1719 2102 mihi
1740 2035 1774 2096 in
1795 2031 1860 2096 nni·

272 2144 350 2216 tem,
394 2135 507 2219 Begeri
544 2135 702 2204 oraculum
735 2133 835 2216 adire,
881 2133 1051 2221 quia-plus
1084 2155 1179 2200 verso
1205 2133 1270 2199 hoc
1289 2153 1393 2218 opere
1420 2133 1478 2200 viri
1511 2135 1603 2220 hujus
1634 2134 1860 2220 παραδοξοιιι-

272 2235 511 2352 impciadendum
533 2238 694 2324 temporis
733 2235 943 2302 enucleandae
982 2257 1062 2303 ora·
1084 2257 1145 2299 rou
1168 2234 1227 2300 erit
1248 2235 1380 2314 mentio,
1409 2257 1449 2301 ne
1470 2235 1639 2302 refutandis
1649 2241 1747 2351 ejus·
1755 2235 1859 2302 absur·
1996 2277 2004 2284 -

272 2339 365 2422 tioni,
389 2357 479 2428 qnam
501 2337 564 2426 ipsi
586 2339 777 2426 antiquitatis
800 2359 920 2406 causae.
1086 2335 1151 2417 dis,
1192 2336 1280 2422 quod
1306 2337 1433 2404 nimium
1458 2336 1634 2438 frequenter
1660 2338 1784 2405 evenire
1809 2357 1861 2402 ne
1986 2351 1990 2359 ·

301 2389 532 2508 ·Indciessns
570 2440 685 2527 Begeri
721 2439 814 2508 labor
856 2441 948 2527 plura
991 2437 1052 2506 alia
1085 2459 1174 2504 cesse
1199 2437 1296 2522 foret,
1328 2440 1478 2528 temporis
1495 2449 1537 2520 et
1565 2440 1690 2505 chartae
1710 2443 1862 2532 jacturam

272 2544 422 2634 opuscrda
468 2542 683 2610 numismatica
729 2543 913 2629 parturivit,
972 2564 1051 2631 quae
1085 2539 1212 2623 faciam,
1245 2540 1389 2609 lubenter
1409 2542 1603 2630 praeclarum
1623 2542 1703 2607 illud
1722 2540 1877 2634 illustris,
1933 2577 1938 2592 ·

273 2647 378 2711 omnia
411 2654 553 2716 recenset
587 2643 780 2725 Bandurius,
824 2644 917 2710 sed
918 2667 1051 2733 quorum
1085 2665 1122 2709 ac
1150 2590 1390 2710 moderatissimi
1414 2643 1630 2726 Barthelemyi
1659 2643 1699 2709 de
1728 2641 1863 2712 Hmdui·

272 2747 305 2814 in
328 2745 388 2812 bac
411 2747 485 2812 artis
511 2755 638 2822 nostras
662 2745 892 2833 lnce‘exiguus
915 2751 981 2833 jam
1003 2757 1052 2816 est
1084 2766 1128 2812 no
1151 2744 1304 2830 judicium
1331 2753 1471 2814 secutus:
1514 2749 1573 2811 Les
1600 2751 1732 2825 epinicea
1756 2749 1798 2810 dc
1823 2747 1861 2808 P.
1910 2747 1917 2754 '
1979 2797 1988 2808 .

272 2870 357 2915 Μ’
946 2913 975 2940 .-
1084 2850 1242 2924 Herdonia
1268 2846 1643 2928 Μαι-1111111111
1673 2858 1883 2912 mmmm-
1953 2876 1961 2890 ι

272 2981 276 2988 ’
349 3015 468 3086 ιιιιιι
511 3017 703 3086 errare
733 3020 972 3102 nannum,
1085 2948 1397 3033 &andraeam
1427 2945 1522 3014 dim
1551 2945 1723 3031 rasum).
1788 2945 1861 3012 rnu-

462 3121 1863 3238 Ρ13711118ΡῙΟῨΕΜιιοιιιιιιιιιιιιὶίιιιιιιοῐιιιιιὶιιι111ιιι,ιιιιοιιιιιι

356 3257 553 3324 resuere·
539 3283 570 3324 m
597 3283 665 3337 oro,
693 3271 838 3344 argento,
867 3255 1055 3342 Medaglioai
1084 3277 1180 3324 unum
1201 3254 1392 3322 inscribitur:
1440 3255 1881 3340 Querquetulanum

273 3364 477 3428 cromerus·
499 3363 548 3426 ael
568 3361 699 3429 Ferreae
726 3383 849 3433 remeo.
879 3363 917 3427 In
937 3361 1053 3426 Parma
1085 3365 1166 3426 aare
1187 3363 1279 3429 1709.
1307 3356 1448 3438 infolio.
1491 3356 1645 3424 Alterum:
1694 3361 1794 3442 Opere
1813 3381 1863 3424 oa

274 3459 510 3538 uocaset·
1085 3469 1142 3530 riu
1187 3441 1399 3527 Auutclodcrui
1419 3463 1511 3529 1733.
1532 3459 1636 3543 insol.

359 3561 450 3646 Opus
476 3557 561 3623 istud
586 3559 723 3628 scribere
749 3583 913 3650 aggressus
935 3561 1055 3630 pedm

272 3665 354 3746 sirm,
377 3661 467 3728 finito
489 3658 648 3728 volumine
670 3657 756 3730 VIII.
778 3665 872 3732 uitam
893 3666 963 3754 ipse
983 3663 1090 3731 lini-
1197 3627 1273 3696 XX·
1316 3631 1554 3724 LVDOVICIS
1572 3631 1772 3696 JOBERII·

245 3769 323 3835 'rit
383 3763 540 3852 Coeptam
571 3759 677 3829 telam
717 3776 897 3881 persecutum
941 3768 1051 3834 Piove
1169 3767 1217 3834 na
1237 3769 1355 3834 Scimcc
1380 3771 1434 3835 dea
1453 3765 1615 3832 Materte
1659 3768 1751 3828 Perta
1772 3765 1864 3834 1715.
1966 3715 1970 3724 ι

238 3932 242 3938 ,
271 3889 347 3936 neus
375 3865 535 3935 volumina
560 3865 601 3931 II.
632 3862 772 3948 addidit,
817 3867 863 3932 sic
889 3877 924 3934 ut
952 3877 1053 3936 totum
1089 3872 1150 3937 vot
1172 3872 1249 3935 lt·
1235 3891 1267 3934 ra
1289 3873 1381 3936 12.-
1898 3891 1901 3898 ·

242 3991 351 4057 ,opus
388 3977 513 4038 constet
542 3966 756 4035 voluminibus
789 3967 866 4034 X.
898 3952 1053 4040 Habuerit
1173 3970 1263 4057 Opus
1289 3969 1375 4036 istud
1405 3967 1490 4036 mole
1517 3967 1661 4059 exiguum
1689 3964 1792 4040 statim
1824 3963 1863 4030 ab

1085 3051 1214 3147 sirlores
1247 3047 1417 3132 Hardrfini
1434 3041 1665 3116 lucubrationes
1698 3048 1862 3116 numisma
1985 3047 1988 3054 ’

220 4065 224 4072 ’
273 4081 351 4150 tum,
394 4092 463 4138 cum
506 4069 664 4158 vulgatum
706 4069 929 4152 tutaverant
966 4095 1053 4140 suam
1087 4081 1158 4139 ortu
1192 4092 1252 4138 suo
1285 4090 1397 4157 magna
1425 4069 1604 4139 ‘voluntate
1619 4075 1668 4134 est
1694 4073 1863 4152 acceptum,
1967 4155 1972 4164 ι

214 4223 220 4234 .
258 4171 441 4238 utilitatem.
485 4169 610 4254 Hodie,
638 4193 708 4238 cum
735 4175 852 4256 numi,-
863 4188 947 4264 quos
977 4197 1052 4243 con·
1086 4176 1134 4242 sic
1158 4182 1193 4240 ut
1220 4194 1285 4242 non
1314 4173 1412 4242 multo
1442 4173 1572 4263 postia
1593 4191 1702 4238 omnes
1723 4155 1864 4236 cultioris

272 4274 366 4355 tinet,
393 4267 467 4340 satis'
489 4221 641 4341 abnndb.
649 4277 713 4344 sint
734 4277 867 4364 cogniti,
896 4299 1052 4348 commen·
1080 4278 1233 4365 Europae
1260 4277 1382 4365 lingum
1410 4285 1590 4345 verteretur.
1638 4273 1864 4355 Sericacun

245 4519 249 4524 -
338 4491 363 4560 r)
381 4491 415 4550 a·
431 4493 462 4549 u
477 4492 510 4545 r.
528 4493 681 4570 mna
700 4491 762 4556 crs.
